1990 2793
448 97 621 132 SECTIO
646 95 864 143 QVARTA.
911 94 1188 136 CONFERVA:
1488 107 1559 143 145

103 210 161 247 19.
188 215 192 217 ’
215 204 250 238 C.
266 205 456 247 tortuoscc5
482 204 549 238 filis
565 204 803 249 simplicibus,
829 207 1009 250 tenuibus,
1033 207 1236 252 implicatis,
1262 207 1520 255 rigidiusculi55
1549 223 1611 245 ar-
1637 212 1726 247 Tab.
1747 218 1807 258 49,

27 270 143 315 ticulis
163 272 339 306 diametro
360 272 538 317 subtriplo
556 272 800 318 longioribus3
828 274 1000 318 geniculis
1019 274 1217 319 pellucidis,

158 353 309 389 Conse-tva
332 362 463 381 tortuosa
482 354 574 382 Dillw.
597 354 666 381 Tab.
688 354 732 389 46.

21 425 174 460 Habitat
191 426 236 459 ad
253 422 377 461 litt'ora
396 427 621 469 Faeroensia,
648 427 825 470 imprimis
848 439 957 472 supra
984 429 1168 474 sabulum,
1195 433 1290 478 qvod
1313 434 1353 467 in
1381 445 1521 468 summo
1546 445 1608 469 re·-

20 493 140 527 fluxus
156 493 270 527 limite
287 506 373 527 saxa
395 495 578 528 maritima
600 493 660 527 hic
684 493 756 527 illic
781 495 945 540 obducit,
979 497 1077 531 haud
1098 498 1285 545 freqven53
1320 501 1359 534 in
1389 502 1470 535 sinu
1494 502 1608 546 Qval—

21 560 145 595 baiensi
166 561 319 607 alibiqve
335 563 479 607 passim.
584 555 587 559 ’

65 643 189 676 DESC.
235 643 364 687 Caespes
383 652 447 675 tres
464 651 645 686 qvatuorve
666 642 803 688 pollices
822 643 857 674 in
874 645 1061 677 extensione
1079 648 1218 689 habens,
1244 651 1393 683 sabulum
1418 653 1452 683 in
1476 652 1606 684 fissuras

152 705 320 740 rupcstres
343 696 520 727 maritimas
551 697 738 740 projectum
771 695 938 728 obducens
967 698 1118 743 idcnlqvc
1141 715 1378 747 nonnunqvam
1401 713 1607 748 perreptans.

151 749 225 781 Fila
241 748 361 793 capillo
379 749 523 781 humano
547 761 664 793 parum
691 750 871 787 crassiora,
897 749 1057 790 flexuosa,
1083 755 1239 798 crispata,
1267 756 1444 801 simplicia,
1472 758 1608 788 intrica—

154 811 196 833 ta.
246 801 390 833 Articuli
415 800 577 833 diametro
601 801 721 846 2—3plo
744 801 920 843 longiores.
971 804 1072 836 Color
1094 806 1220 839 intense
1248 808 1374 841 viridis.
1421 809 1608 842 Substantia

154 863 282 894 tenera,
304 861 409 886 tenax.
460 855 601 887 Aestate.
646 854 775 886 Chartae
791 867 859 886 non
875 855 1029 888 adhaeret.

97 981 158 1016 20.
216 975 252 1010 C.
271 975 502 1021 lzormoides;
529 975 595 1012 filis
613 976 853 1022 simplicibus,
879 979 1109 1023 tenuissimis,
1138 983 1345 1027 eaespitosis,
1371 985 1488 1027 rectis,
1510 994 1606 1028 pen·
1631 990 1723 1026 Tab.
1745 994 1805 1034 49.

19 1042 131 1089 (lulis,
159 1044 317 1078 articulis
337 1046 512 1079 diametro
531 1044 813 1090 subaeqvalibuS‚
842 1046 1164 1093 moniliformibus,
1191 1050 1373 1085 interdum
1389 1051 1554 1096 hyaliniS.

153 1126 301 1162 Conserva
318 1128 553 1163 penicillisormls
579 1127 663 1154 Roth.
686 1127 746 1154 Cat.
767 1127 823 1153 bot.
845 1138 869 1163 5,
891 1139 918 1164 p.
938 1129 1010 1163 271?

17 1198 169 1233 Habitat
185 1200 231 1233 ad
246 1199 368 1234 littora
387 1200 612 1243 Faeroensia,
639 1200 734 1233 saxis
750 1200 940 1234 maritimis
959 1202 997 1234 in
1016 1212 1156 1235 summo
1180 1202 1340 1238 refluxus
1360 1205 1474 1239 limite
1491 1206 1605 1239 adna—

16 1272 69 1311 ta,
93 1268 255 1312 copiose,
283 1268 393 1301 etiam
411 1268 456 1301 ad
470 1266 608 1312 lapides
627 1269 827 1301 maritimos
842 1267 974 1302 littoris
994 1267 1204 1304 Hafniensis
1230 1277 1266 1306 et
1280 1273 1327 1306 ad
1342 1273 1464 1307 trabes
1493 1272 1608 1308 valla-

15 1347 73 1370 res
89 1336 306 1375 munimenti
321 1335 531 1369 Trekroner
546 1336 631 1369 dicti
640 1361 650 1380 ,
674 1334 773 1369 haud
788 1347 881 1370 raro.

64 1417 190 1450 DESC.
247 1418 375 1462 Caespcs
399 1418 438 1449 de
463 1419 546 1450 saxis
575 1417 756 1449 declivibus
780 1417 963 1462 pendulus,
1004 1419 1088 1452 duos
1112 1430 1216 1454 tresve
1240 1422 1377 1467 pollices
1400 1422 1608 1464 longitudine

150 1482 301 1514 aeqvans,
327 1470 547 1502 sublubricus.
596 1469 667 1502 Fila
687 1470 807 1515 capillo
832 1472 976 1504 humano
1003 1475 1170 1513 tenuiora,
1197 1475 1349 1515 flaccida,
1376 1485 1464 1507 recta
1488 1475 1539 1507 vel
1563 1476 1605 1507 ob

149 1523 253 1554 undas
271 1524 432 1555 irruentes
446 1523 561 1556 leviter
576 1523 736 1555 intricata.
784 1525 925 1556 Articuli
942 1525 1102 1558 diametro
1118 1527 1257 1571 aeqvales
1283 1528 1334 1559 vel
1357 1531 1470 1560 eadem
1489 1540 1607 1572 parum

148 1574 331 1616 longiores,
357 1575 598 1608 monilisormes
609 1599 617 1613 ‚
641 1575 769 1616 globosi
786 1576 837 1609 vel
852 1578 1001 1610 subovati
1012 1603 1020 1617 ,
1044 1579 1210 1611 interdum
1225 1581 1268 1612 ob
1287 1592 1425 1612 massam
1442 1582 1606 1612 internam

150 1637 395 1660 evanescentem
410 1628 546 1673 hyalini.
596 1629 756 1660 Genicula
774 1639 959 1669 contracta,
984 1632 1124 1663 obseura
1148 1641 1180 1663 et
1201 1632 1377 1676 pellucida.
1431 1633 1533 1665 Color
1553 1645 1605 1664 sa-

151 1688 254 1711 turatc
271 1681 396 1712 viridis.
445 1682 634 1712 Substantia
651 1690 780 1721 tenera,
804 1683 1004 1715 sublubrica.
1052 1685 1193 1717 Aestate.
1238 1685 1367 1717 Chartae
1385 1686 1540 1717 adhaeret.

62 1755 154 1788 OBS.
205 1755 345 1787 Articuli
360 1755 598 1788 monilisormcs
615 1758 758 1789 siccitate
782 1759 815 1789 in
840 1759 1017 1802 qvadratos
1042 1760 1244 1800 formantur,
1271 1761 1428 1802 geniculis
1452 1761 1604 1793 omnibus

149 1806 334 1852 pellucidis.
383 1810 513 1840 Nomen
529 1809 655 1840 triviale
672 1811 878 1849 lzormoides,
904 1824 942 1843 ex
960 1814 1043 1860 ὅρμος
1068 1814 1192 1846 monile
1214 1823 1245 1846 et
1271 1817 1338 1853 ἐιδος
1361 1815 1487 1858 species
1511 1825 1606 1845 com-

150 1861 310 1904 positum,
337 1861 425 1893 idem
439 1871 486 1894 est
502 1874 537 1894 ae
556 1861 809 1904 moniliformis.

95 1984 152 2018 21.
208 1980 243 2014 C.
264 1985 453 2024 consorlccj
480 1979 548 2015 filis
568 1979 809 2025 simplicibus,
833 1982 1070 2027 tenuissimis,
1100 1984 1281 2029 crispatis,
1307 1983 1488 2029 spiraliter
1513 1995 1604 2025 cone

17 2047 140 2092 tortis3
168 2048 326 2081 articulis
347 2050 523 2083 diametro
544 2047 778 2083 brevioribus

69 2131 222 2166 Habitat
237 2134 282 2167 ad
298 2133 420 2168 littora
435 2135 643 2168 Faeroensia
658 2135 817 2179 stipitem
832 2131 1051 2181 {inferiorem
1077 2138 1167 2172 Fuci
1194 2138 1384 2174 vesiculosi
1406 2140 1512 2174 viridi
1536 2150 1602 2172 suo

19 2201 164 2244 caespite
185 2203 377 2244 parasitice
402 2203 615 2237 obvestiens.

65 2282 189 2314 DESC.
234 2283 361 2327 Caespes
377 2284 538 2324 minutus,
560 2284 716 2330 pollicem
731 2286 860 2318 circiter
876 2286 993 2328 longus
1008 2286 1192 2334 lincamqve
1211 2287 1303 2320 altus.
1352 2287 1423 2320 Fila
1449 2287 1604 2319 densissi-

151 2347 203 2366 me
220 2335 387 2373 intricata,
415 2338 585 2382 simplicia,
610 2340 836 2378 minutissima,
863 2340 1007 2373 flexuosa
1025 2350 1056 2372 et
1075 2341 1240 2386 spiraliter
1257 2349 1418 2373 contorta.
1466 2338 1605 2372 Articuli

156 2387 316 2420 diametro
335 2389 513 2422 breviores.
564 2391 723 2422 Geuicula
743 2392 987 2436 subpellucida,
1010 2394 1211 2426 brevissima.
1260 2392 1362 2426 Color
1391 2401 1531 2426 saturate
1554 2392 1605 2424 vi-

154 2440 245 2472 ridis.
296 2441 482 2474 Substantia
500 2444 684 2476 tenerrima.
733 2446 874 2478 Aestate.

1127 2503 1208 2545 (19)

1630 1985 1721 2021 Tab.
1743 1989 1805 2030 49.
