1990 2793
209 98 287 124 XIV
916 89 1188 127 PRAEFATIO.

158 203 231 238 tra
263 192 448 254 regulas
481 194 591 236 artis
632 190 969 253 delinqvimus3
1021 204 1074 238 ut
1110 205 1268 239 autem
1303 204 1476 238 natura
1505 192 1689 259 legibus
1720 197 1941 244 humanis

158 264 401 329 praevalet,
455 267 525 310 sic
561 269 704 310 etiam
734 264 986 326 dispositio
1017 267 1445 330 Hydrophytorum
1472 269 1723 328 naturalis,
1772 289 1828 317 ex
1858 273 1944 318 ha-

159 339 265 383 bitu
290 351 464 395 sumta,
506 339 792 395 artificiosae,
835 356 891 383 ex
915 339 1073 385 fructu
1103 353 1288 399 sumtae,
1325 360 1400 388 me
1427 336 1608 403 judice,
1646 356 1944 406 anteponen-

161 412 241 468 da;
278 425 415 474 atqve
438 413 539 458 haec
572 413 760 475 qvidem
789 412 1041 475 dispositio
1063 417 1291 462 naturalis
1318 433 1418 462 non
1437 417 1593 462 solum
1616 416 1806 463 facilior
1825 422 1944 465 mihi

158 486 368 542 Videtur,
419 487 505 532 sed
533 489 675 532 etiam
695 486 880 542 utilior;
926 489 1116 550 qvando
1149 493 1271 535 enim
1294 494 1581 553 specimina,
1627 510 1725 554 qvae
1748 510 1797 538 se
1824 496 1945 539 invi-

162 576 266 606 cem
293 563 498 605 maxime
526 560 754 617 referunt,
797 563 926 621 juxta
948 580 999 607 se
1025 575 1292 625 ponuntur,
1335 581 1503 610 eorum
1533 570 1845 612 commutatio
1875 568 1945 613 fa-

163 634 336 680 cillime
363 633 665 696 prohibetur,
713 646 760 679 et
788 637 968 697 optime
993 640 1300 700 perspicitur,
1347 640 1516 700 qvibus
1547 642 1596 683 in
1617 643 1806 702 punctis
1830 658 1946 686 con-

161 710 375 763 veniant,
417 707 584 764 qvibus
610 710 752 753 etiam
778 708 1062 773 discrepent.
1131 714 1257 757 Inter
1283 725 1502 758 auctores
1531 713 1721 775 qvidem
1742 727 1942 773 constat,

164 781 292 843 qvod
315 784 430 835 scio,
474 798 530 826 ex
557 782 674 828 flore
706 794 751 827 et
774 783 932 829 fructu
948 784 1202 830 sumendas
1225 803 1326 832 esse
1352 799 1491 831 notas
1513 786 1638 843 illas,
1676 789 1844 849 qvibus
1877 788 1947 833 di-

161 857 282 900 visio
310 872 537 918 generum
565 859 653 900 niti
683 857 845 913 debet,
896 859 1326 915 characteristicas;
1362 861 1447 905 sed
1478 861 1618 905 simul
1646 879 1721 906 me
1747 879 1848 907 non
1873 863 1948 908 fu-

161 931 248 991 git,
292 929 416 973 hanc
443 929 618 992 legem,
665 933 852 975 ratione
877 933 1109 998 imprimis
1142 934 1204 976 ad
1230 933 1418 994 plantas
1450 933 1834 998 phanerogamas
1863 936 1948 981 ha-

165 1003 282 1059 bita,
319 1001 465 1047 latam
494 1020 619 1060 esse,
654 1016 700 1049 et
720 1005 863 1061 absit,
901 1016 953 1049 ut
979 1005 1105 1050 hanc
1126 1006 1514 1071 Phanerogamas
1539 1006 1829 1070 disponendi
1851 1028 1949 1056 me-

163 1075 366 1120 thodum
397 1080 629 1140 optimam
655 1095 902 1142 negarem3
943 1096 1055 1123 nam
1087 1096 1179 1140 qvo
1209 1082 1423 1141 penitior
1447 1083 1496 1124 in
1524 1080 1698 1143 plantae
1728 1095 1950 1130 naturam

163 1150 469 1212 indolemqve
497 1153 661 1209 intrat,
715 1165 768 1197 ut
798 1169 855 1197 eo
887 1155 1205 1209 constantior,
1255 1156 1323 1199 sic
1353 1166 1398 1199 et
1423 1153 1614 1210 melior3
1660 1155 1745 1200 sed
1777 1157 1950 1202 dantur

165 1236 211 1269 et
239 1224 337 1269 aliae
363 1224 551 1286 plantas
574 1226 821 1272 dividendi
851 1226 1090 1282 methodi,
1133 1229 1261 1288 qvod
1292 1230 1549 1273 conamina
1578 1229 1952 1276 clarissimorum

163 1300 374 1343 virorum
402 1311 448 1344 et
470 1312 577 1345 ante
606 1313 652 1346 et
670 1312 782 1363 post
800 1312 1020 1363 tempora
1040 1300 1342 1366 illustrissimi
1371 1305 1564 1346 Linnaei
1588 1304 1782 1365 incepta
1804 1315 1850 1349 et
1879 1307 1951 1348 in-

164 1375 347 1429 stituta,
387 1391 476 1419 nec
498 1374 643 1436 plane
663 1377 816 1431 irrita,
854 1377 965 1419 satis
997 1376 1336 1436 comprobant3
1368 1388 1598 1436 praeterea
1618 1377 1812 1440 regulae,
1851 1396 1950 1440 qvae

164 1446 324 1491 valent
341 1447 399 1492 de
417 1449 816 1512 Phanerogamis,
856 1452 1032 1511 qvippe
1053 1466 1249 1510 qvarum
1272 1449 1451 1494 fructus
1473 1462 1518 1494 et
1537 1449 1859 1496 fructificandi
1878 1469 1952 1497 ra-

167 1522 234 1565 tio
268 1520 510 1567 evidenter
542 1523 603 1567 ob
642 1522 808 1568 oculos
836 1525 978 1568 nobis
1005 1534 1237 1579 versatur,
1297 1523 1473 1568 eaedem
1504 1522 1561 1568 de
1599 1525 1948 1588 Cryptogamis,

169 1610 365 1654 qvarum
393 1595 573 1642 fructus
594 1599 771 1641 intimis
800 1614 924 1657 saepe
949 1597 1213 1642 recessibus
1245 1596 1578 1653 absconditur,
1622 1614 1722 1641 non
1746 1615 1948 1659 semper,

167 1684 256 1712 nec
280 1671 381 1714 sine
399 1673 529 1714 omni
553 1670 937 1717 contradictione
955 1670 1113 1717 valere
1133 1683 1348 1732 possunt.
1403 1673 1569 1732 Atqvc,
1597 1674 1636 1716 si
1658 1674 1781 1716 inter
1802 1673 1953 1734 Cryp-

170 1753 382 1803 togamas
417 1744 477 1788 ad
509 1745 938 1807 Hydrophytorum
968 1744 1200 1788 lamiliam
1238 1743 1594 1801 descendimus,
1641 1762 1698 1790 ex
1728 1747 1804 1801 iis,
1852 1762 1951 1806 qvae

169 1816 263 1874 jam
293 1828 431 1862 antea
456 1817 575 1874 dixi,
619 1821 850 1880 seqvitur,
907 1832 960 1864 ut
987 1818 1165 1863 fructus
1197 1835 1384 1874 eorum,
1436 1817 1620 1879 qvalem
1657 1835 1765 1862 eum
1794 1817 1952 1865 adhuc

170 1891 389 1934 novimus
419 1891 754 1953 imperfectum
786 1905 831 1938 et
865 1893 1022 1938 dubiis
1052 1903 1297 1947 vexatum,
1340 1904 1564 1954 tanqvam
1588 1890 1952 1937 fundamentum

174 1959 434 2019 divisionis,
461 1964 737 2011 difficillime
757 1978 838 2011 aut
856 1967 999 2028 plane
1016 1983 1117 2010 non
1137 1965 1247 2029 eligi
1268 1968 1484 2026 possit*),
1520 1981 1672 2025 neqve
1697 1964 1808 2009 inde
1828 1968 1952 2011 sumi

173 2037 359 2096 possint
385 2051 507 2082 notae
529 2056 756 2101 generum
783 2039 1196 2089 characteristicae‚
1235 2039 1468 2101 siqvidem
1497 2039 1546 2081 in
1568 2038 1670 2083 aliis
1695 2050 1763 2084 est
1786 2041 1952 2102 incog-

174 2110 322 2164 nitus,
371 2113 419 2154 in
445 2111 550 2157 aliis
589 2115 875 2170 rarissimus,
936 2115 1177 2159 etiterum
1208 2115 1257 2157 in
1295 2112 1397 2157 aliis
1434 2111 1634 2174 dupleX,
1687 2124 1739 2158 ut
1773 2127 1952 2176 organa

224 2261 249 2296 *)
296 2259 328 2289 ln
357 2272 372 2289 a
393 2261 516 2299 subject
539 2275 573 2294 so
602 2264 748 2296 intricate
771 2276 802 2295 as
825 2264 905 2297 this,
931 2264 954 2294 it
979 2263 1087 2295 would
1115 2264 1155 2294 he
1179 2262 1291 2306 highly
1314 2261 1478 2293 advisablc
1503 2262 1571 2293 that
1593 2261 1633 2293 al]
1658 2262 1860 2306 prejudices.
1887 2262 1952 2294 and

309 2310 350 2341 ull
377 2315 600 2355 volup-aristam
626 2316 690 2347 aud
717 2316 803 2347 ideas
831 2317 869 2348 os
886 2316 1024 2360 analogy
1050 2316 1141 2348 taken
1170 2316 1252 2346 from
1275 2315 1380 2359 planis
1407 2316 1553 2356 growing
1580 2328 1621 2347 011
1648 2315 1742 2349 land,
1771 2315 1889 2347 should
1911 2316 1950 2346 be

309 2364 445 2408 cutim-ly
470 2365 533 2396 laid
560 2367 657 2399 asido.
715 2369 942 2414 Goodefzouglz
968 2369 1032 2401 and
1059 2368 1274 2400 ll'ooclmzrd
1305 2369 1338 2401 in
1361 2370 1530 2400 Transact·
1562 2368 1600 2400 Os
1630 2369 1683 2401 1¹10
1708 2369 1852 2400 Lilfflfflffl
1876 2368 1950 2401 500·

311 2416 384 2448 Vol.
410 2419 465 2450 ΠΙ.
488 2430 521 2463 p.
548 2426 617 2455 235.
