1990 2793
428 107 500 145 174
802 99 974 135 SEeTlo
1005 99 1225 147 QVARTA,
1281 99 1532 136 ZYGNEMA.

418 207 542 240 DESC.
598 207 725 249 Cmspes
751 203 888 243 densus,
922 206 1107 243 intricatus,
1138 203 1302 243 lubricus,
1338 216 1428 249 aqvae
1455 204 1642 249 superficiei
1671 205 1831 238 innatans.
1887 206 1958 240 Fila

504 259 681 303 simplicia,
717 257 828 302 capilli
850 258 983 290 humani
1007 258 1168 297 crassitie,
1194 257 1400 298 longissima,
1427 257 1768 291 flexuoso-intricata.
1817 259 1958 294 Articuli

505 312 664 344 diametro
687 310 807 356 2—3plo
835 310 1017 353 longiorem
1044 309 1180 352 granula
1205 312 1238 342 in
1254 312 1378 356 spiram
1395 311 1579 355 simplicem
1602 311 1761 356 disposita
1782 314 1957 345 continen-

504 374 560 396 tes.
610 364 770 396 Genieula
785 364 942 405 obscura,
967 363 1052 396 linea
1069 363 1164 396 solita
1183 364 1389 397 transversali
1408 373 1534 403 notata,
1567 377 1638 410 qvae
1657 374 1763 397 tamen
1787 365 1871 397 linea
1896 366 1957 397 sub

503 416 712 461 copulatione
730 430 815 461 saepe
833 418 1010 456 evanescit,
1036 418 1070 448 in
1095 426 1316 458 tegumentum
1339 418 1469 449 seminis
1494 419 1564 449 sine
1586 417 1687 450 dubio
1712 419 1834 451 abiens.
1883 420 1957 450 Tu-

500 470 570 501 buli
588 470 815 502 transversales
832 471 1031 509 brevissimi,
1058 484 1095 502 ex
1111 470 1245 512 singulis
1265 471 1433 515 utriusqve
1449 470 1592 515 copulati
1609 470 1655 503 fili
1674 471 1816 503 articulis
1834 484 1957 504 exeun-

504 531 566 561 tes,
592 532 621 554 et
640 523 747 556 medio
766 524 883 567 pervii.
932 525 1062 556 Semina
1085 533 1195 562 ovata,
1223 525 1376 568 utrinqve
1398 525 1569 559 subacuta,
1596 524 1685 557 fusca
1709 523 1759 557 vel
1777 524 1957 557 flavescen-

504 576 563 613 tia,
588 590 604 607 e
624 576 764 617 granulis
790 578 956 621 utriusqvc
980 577 1026 609 fili
1042 577 1240 619 coaceryatis
1261 578 1454 617 constituta,
1485 579 1520 609 in
1539 578 1602 610 alio
1627 577 1759 610 filorum
1782 577 1958 622 copulato-

501 640 573 659 rum
596 629 787 667 nidulantia,
815 629 895 661 adeo
916 639 950 662 ut
968 630 1056 662 aliud
1073 630 1164 661 filum
1183 642 1318 662 vacuum
1333 629 1457 661 evadat.
1507 631 1608 663 Color
1630 631 1870 670 ssavo-viridis,
1895 632 1956 663 sub

501 681 710 725 copulatione
735 681 868 713 sordide
890 683 1061 715 virescens.
1106 684 1292 715 Substantia
1318 684 1461 728 primum
1480 682 1625 723 lubrica,
1658 696 1805 725 mucosa,
1837 684 1957 716 deiude

502 743 575 778 post
602 734 845 779 copulationem
870 736 1025 780 crispata,
1059 736 1200 778 fragilis,
1233 736 1428 768 lubricitatis
1452 749 1578 781 expers.
1634 738 1763 769 Annua.
1818 738 1903 770 Vere
1925 746 1957 769 et

501 796 617 819 anstate.
667 788 795 819 Chartae
812 788 971 827 adhzeret,
998 799 1073 833 post
1089 789 1332 834 copulationem
1354 789 1457 821 laxius
1474 789 1629 822 adliaeret.

414 871 505 902 OBS.
555 871 649 915 Spira
667 871 823 916 simplex,
857 874 919 916 qva
945 873 1084 913 gaudent
1112 873 1260 908 articuli,
1287 875 1429 917 speciem
1455 874 1571 905 litterae
1596 874 1637 906 V.
1664 873 1788 918 pluries
1811 875 1955 918 repetitae

500 936 567 968 prm
586 938 619 956 se
641 924 721 963 sert,
746 924 832 956 uude
849 937 969 956 nomen
984 925 1230 957 Miillvrianum.
1281 926 1332 957 Ad
1358 926 1441 958 hanc
1465 928 1607 971 speciem
1630 927 1699 958 sine
1724 926 1824 959 dubio
1849 928 1955 971 perti-

501 986 579 1009 nent
599 979 788 1021 Cenjugata
807 978 1009 1009 condensata
1026 988 1057 1010 et
1073 979 1194 1023 inflata
1216 978 1350 1011 Vanelt.
1377 978 1576 1022 (Zygnemcz
1596 979 1835 1011 condensatum
1852 988 1883 1011 et
1899 980 1955 1011 irl-

491 1030 621 1075 flatum
637 1031 727 1073 Ag)
752 1049 792 1054 —
818 1032 946 1075 Caespes
965 1032 1060 1073 hujus
1074 1032 1194 1076 speciei
1212 1044 1324 1063 recens
1342 1044 1380 1064 ex
1398 1044 1480 1076 aqva
1497 1041 1658 1064 extractus
1670 1057 1679 1072 ,
1707 1035 1798 1074 cujus
1814 1032 1867 1064 fila
1883 1034 1955 1077 spi-

500 1084 543 1114 ris
561 1085 625 1115 suis
643 1084 845 1116 nitidissimis
870 1085 979 1116 onmia
997 1086 1103 1129 probe
1125 1093 1218 1116 erant
1243 1094 1375 1121 ornata,
1402 1085 1435 1116 in
1459 1097 1531 1116 vase
1554 1086 1658 1118 vitreo
1683 1086 1764 1129 aqva
1791 1087 1874 1130 pura
1898 1098 1954 1117 re-

498 1135 588 1180 pleto
606 1149 666 1180 per
684 1137 808 1181 aliqvot
825 1137 892 1169 dies
911 1137 1087 1181 aliqvando
1107 1146 1251 1169 servatus
1269 1137 1346 1176 suit,
1374 1138 1415 1169 ita
1433 1146 1558 1177 tamen,
1588 1147 1623 1170 ut
1640 1138 1701 1170 soli
1720 1138 1902 1170 meridiano
1919 1139 1952 1170 in

500 1188 639 1220 fenestra
657 1190 740 1221 sorte
760 1191 890 1221 fortuna
908 1191 1073 1234 expositus
1091 1199 1183 1221 esset.
1233 1189 1370 1234 Aliqvot
1388 1191 1502 1222 (liebus
1519 1192 1715 1233 interjectis,
1740 1203 1815 1224 cum
1836 1190 1888 1223 fila
1911 1190 1953 1223 ad
1985 1229 1987 1231 Ι

498 1241 619 1273 lentem
637 1243 754 1274 iterum
772 1243 980 1275 considerare
994 1244 1027 1274 in
1043 1252 1186 1274 mentem
1201 1245 1358 1281 venisset,
1387 1244 1495 1275 omnia
1511 1255 1661 1285 magnam
1687 1245 1823 1276 subiisse
1844 1253 1955 1276 muta-

499 1295 624 1326 tionem
641 1297 831 1336 observavig
857 1297 952 1341 spir-'e
969 1295 1101 1340 qvidcm
1125 1296 1292 1329 nonnullae
1320 1298 1354 1327 iu
1381 1297 1525 1328 articulis
1548 1297 1602 1329 hic
1626 1297 1693 1328 illic
1718 1306 1953 1336 remanserant,

498 1359 636 1391 qvarum
662 1362 725 1393 ope
742 1349 889 1393 plantam
910 1361 1015 1380 meam
1042 1361 1218 1390 agnoscere
1245 1351 1422 1380 etiamnum
1448 1350 1560 1393 potui3
1587 1349 1644 1381 sed
1665 1355 1815 1381 veterum
1839 1349 1953 1383 cadem

500 1402 564 1441 jain
580 1402 738 1445 crispata,
764 1401 958 1434 lubricitatis
978 1411 1008 1434 et
1023 1403 1139 1433 nitoris
1160 1403 1303 1446 expertia
1315 1426 1323 1441 ,
1352 1402 1487 1434 flaccida
1502 1427 1510 1438 ,
1535 1411 1566 1434 et
1582 1403 1690 1434 omnia
1716 1402 1784 1434 sere
1801 1403 1952 1448 copulata

498 1454 712 1486 mirabundus
736 1456 864 1495 inveni3
900 1454 1003 1500 qvalis
1029 1467 1116 1486 nunc
1141 1455 1240 1486 fucrit
1259 1454 1392 1486 filorum
1418 1455 1583 1492 conditio,
1617 1455 1744 1487 facilius
1770 1465 1801 1487 et
1824 1457 1952 1493 melius,

498 1515 531 1537 ut
553 1508 683 1551 opinor,
711 1520 749 1538 ex
765 1507 983 1540 delineatione
1001 1516 1150 1539 accurata
1167 1508 1241 1551 (cfr.
1261 1508 1345 1540 Tah.
1365 1515 1415 1545 59.
1436 1508 1478 1539 l).
1500 1515 1530 1543 3.
1549 1508 1606 1548 4.),
1631 1520 1729 1553 qvam
1746 1521 1783 1540 ex
1801 1509 1951 1554 descrip-

498 1560 585 1591 tione
600 1561 763 1592 succincta
781 1561 915 1605 patebit.
961 1561 1026 1592 Has
1042 1569 1150 1591 autem
1167 1562 1319 1592 minutias
1336 1561 1423 1592 hune
1441 1561 1473 1591 in
1493 1561 1591 1592 tinem
1616 1561 1668 1591 liic
1695 1562 1801 1601 tetigi,
1828 1570 1879 1600 ut,
1903 1563 1950 1594 si—

497 1614 567 1655 qvis
585 1612 801 1656 Zygnemata
820 1615 853 1644 in
872 1612 1080 1658 copulatione
1098 1613 1209 1645 videre
1225 1622 1359 1657 cuperet
1372 1637 1380 1648 ,
1406 1613 1459 1644 tali
1477 1613 1594 1650 modo,
1623 1613 1721 1658 idqve
1744 1613 1830 1645 sacili
1847 1626 1950 1655 nego-

499 1665 541 1695 tio
563 1674 593 1696 ct
609 1667 678 1697 sinc
696 1666 828 1698 taediosa
845 1666 896 1697 vel
914 1678 999 1709 saepe
1017 1666 1199 1697 srustranea
1218 1667 1250 1697 in
1269 1666 1361 1697 fossis
1382 1667 1568 1710 stagnisqve
1586 1667 1851 1707 iuvestigationc,
1882 1669 1950 1699 voti

495 1730 630 1762 compos
656 1718 757 1750 fieret.
813 1719 1104 1764 Experimcutum,
1132 1718 1186 1750 tali
1212 1719 1311 1751 modo
1337 1719 1531 1763 simpliciter
1552 1720 1752 1754 institutum,
1779 1728 1855 1752 voto
1877 1732 1949 1751 ecs-

496 1783 608 1801 surum
632 1784 717 1809 esse,
750 1772 802 1804 vix
827 1780 891 1809 est,
925 1772 1015 1816 qvod
1041 1772 1209 1808 dubitem3
1244 1772 1353 1803 calore
1378 1773 1465 1803 enim
1486 1773 1620 1813 majori,
1652 1772 1752 1805 radiis
1777 1772 1854 1804 solis
1880 1781 1949 1805 arte

497 1823 741 1866 qvodamtnodo
757 1825 908 1856 immissis
926 1826 1058 1861 ess'ecto,
1085 1826 1253 1857 maturitas
1271 1824 1403 1856 filorum
1420 1824 1537 1868 procul
1555 1824 1655 1857 dubio
1674 1824 1883 1857 acceleratur.
1906 1843 1948 1850 -

499 1876 642 1908 varietas
657 1891 689 1917 y.
709 1878 761 1910 vix
781 1878 932 1909 distincta
950 1879 1092 1923 species3
1119 1879 1242 1910 namin
1261 1891 1326 1909 uno
1343 1877 1523 1921 eodcmqve
1541 1877 1596 1909 filo
1620 1877 1748 1909 articuli
1769 1877 1946 1912 admodum

497 1929 667 1961 variabiles
678 1954 686 1967 ,
710 1942 798 1962 nunc
813 1931 979 1963 breviores
991 1955 999 1970 ,
1025 1944 1112 1963 nune
1130 1931 1295 1972 longiores
1311 1931 1541 1963 observantur.

164 2048 251 2082 Tab.
273 2052 330 2088 60.
433 2054 465 2088 7.
522 2051 560 2084 Ζ.
583 2051 863 2097 bipzmciatzcm;
897 2055 964 2088 filis
987 2054 1226 2098 simplicibus,
1254 2053 1416 2097 lubricis,
1444 2055 1588 2087 demum
1612 2054 1828 2100 conjugatis3
1853 2057 1943 2089 arti—

360 2116 447 2150 culis
467 2118 642 2153 diametro
660 2120 743 2165 ⁴2plo
759 2121 1000 2166 longioribus,
1026 2123 1264 2168 bipunctatis,
1289 2123 1433 2167 punctis
1454 2121 1610 2154 maculas
1632 2121 1860 2157 stelliformes
1877 2135 1940 2157 re-

362 2183 559 2220 ferentibus
572 2200 581 2231 3
606 2189 801 2223 seminibus
826 2190 1059 2234 subglobosiS.

495 2276 639 2310 Combrva
661 2278 831 2311 bipunctaaea
859 2279 942 2307 Roth.
963 2281 1023 2306 Car.
1045 2280 1100 2307 bot.
1123 2289 1146 2313 ᾳ,
1170 2289 1194 2313 p.
1217 2283 1274 2309 20ss
1297 2279 1357 2305 Car.
1380 2278 1433 2304 bot.
1456 2286 1480 2309 ⁷„
1501 2289 1526 2313 p.
1548 2281 1607 2313 267.
1627 2297 1654 2303 -
1673 2280 1765 2315 Ι)ἰ11νν.ι
1780 2280 1850 2305 Tab.
1872 2289 1886 2305 ο.
1913 2288 1939 2306 et

555 2312 708 2373 bibitim'lli'allll
730 2319 816 2379 {Zm-
836 2314 917 2341 Web.
940 2323 965 2340 et
987 2314 1070 2340 Mohr
1093 2315 1140 2342 Gr.
1163 2315 1242 2341 Conf.
1267 2314 1336 2340 Tab.
1358 2323 1380 2339 2.
1405 2330 1430 2336 -
1450 2315 1543 2340 wahl.
1559 2315 1583 2342 ss.
1601 2315 1671 2351 lapp.
1701 2325 1727 2340 n.
1748 2321 1806 2349 987.
1820 2315 1936 2349 —Engh

510 2416 536 2423 -
570 2403 687 2427 stellina
707 2404 784 2431 Msill.
806 2405 877 2431 Nou.
901 2407 957 2431 Act.
975 2407 1082 2441 Petrop.
1105 2413 1128 2438 3,
1150 2416 1176 2441 p.
1198 2412 1238 2441 93.
1260 2406 1329 2433 Tab.
1352 2415 1375 2433 z.
1395 2406 1439 2441 fig.
1464 2416 1485 2432 ι.
1506 2424 1533 2431 .-
1551 2406 1675 2434 Decand.
1700 2406 1727 2434 ss.
1750 2407 1779 2433 fr.
1804 2416 1827 2438 2,
1846 2416 1872 2442 p.
1894 2407 1934 2439 56.

510 2472 535 2479 —
572 2463 700 2486 cruciata
719 2462 842 2488 Decand.
868 2463 894 2491 ss.
916 2463 947 2489 fr.
967 2472 992 2493 2,
1015 2473 1039 2499 p.
1060 2464 1101 2495 56.
