1990 2793
474 88 648 124 SECTIO
677 86 912 127 SECUNDA.
967 88 1187 126 CHORDA.
1523 99 1573 137 73

168 195 258 222 Fucas
279 193 373 220 Filum
393 193 456 220 Lin.
483 208 517 214 —
540 195 630 221 Gmel.
646 204 672 230 p.
696 199 752 226 131.
772 208 806 214 —
825 194 863 220 Fl.
884 193 910 220 d.
930 194 1000 221 Tab.
1022 201 1081 227 82¹.
1101 210 1136 215 —
1155 195 1191 223 Fl.
1212 204 1289 222 norv.
1313 204 1337 226 2,
1357 205 1382 232 p.
1410 207 1449 225 ro.
1469 212 1504 220 —-
1523 201 1625 238 Kiinig,

228 229 322 259 Mohr,
346 228 445 255 Landt.
473 244 508 250 —
533 230 625 256 Striim
646 229 760 257 Sfindm.
781 240 808 256 n.
833 235 871 260 ¹5.
900 243 934 249 -—
960 231 1047 256 Hom.
1070 232 1097 258 fl.
1119 241 1176 258 oec.
1196 241 1225 267 p.
1244 231 1305 267 926.
1333 245 1368 252 ·—
1397 233 1485 262 Turn.
1507 235 1569 271 Syn,
1594 248 1622 273 p,

227 271 288 301 533.
311 272 338 290 et
358 264 429 290 Hist.
451 265 520 292 Tab.
543 266 585 296 86.
606 279 640 285 -
655 264 730 299 surg.
749 264 806 299 Alg.
827 264 895 292 Dec.
917 271 942 297 3.
962 274 991 293 n.
1013 274 1035 292 ι.

179 331 215 337 —-
254 316 353 343 Tendo
373 317 460 352 Esper
481 317 553 344 Tab.
573 327 616 344 22.

164 370 327 396 Cet-amium
346 370 439 396 Filum
465 369 548 398 Roth.
571 370 632 397 Cat.
652 370 710 398 bot.
733 380 754 402 r,
774 381 802 407 p.
826 374 884 406 ¹47·
903 384 938 392 —
959 372 1072 401 schum.
1093 373 1192 401 Enum.
1213 383 1238 405 2,
1257 384 1284 411 p.
1309 384 1365 401 ιιι.
1386 389 1420 396 -
1441 375 1509 403 Dee.
1531 375 1567 403 ΡΙ.
1589 375 1620 402 fr.

227 414 252 434 2,
274 415 298 440 p.
319 409 360 439 47.

159 457 282 484 'Chorda
303 458 394 484 Filum
413 458 480 486 Ner.
501 458 574 487 britt.
596 458 702 486 Introd.
724 469 750 496 p.
771 459 874 487 XXIV.
896 474 931 480 —-
949 460 1026 488 Lam.
1048 461 1175 488 Thalass.
1196 472 1223 498 p.
1245 471 1286 497 27.

163 509 331 537 Chordaria
349 510 429 536 Link.
449 510 479 537 in
500 511 614 538 Sthrad.
636 512 713 539 Diar.
734 512 791 539 bot.
816 518 888 547 ¹809.
909 519 926 545 3
944 511 976 540 Β.
1001 523 1022 544 1,
1041 523 1067 549 p.
1089 519 1114 546 8.
1141 514 1212 543 Tab.
1241 525 1262 543 1.
1288 515 1331 551 fig.
1357 521 1395 548 ¹3-

228 577 263 584 —
346 562 440 590 Filum
456 564 505 599 Ag.
527 564 590 600 Syn.
618 575 645 601 p.
669 570 709 597 13.

159 615 341 651 Flagellarta
351 617 443 642 Filum
461 616 529 643 Ner.
551 617 625 643 britt.
648 616 691 644 ed.
711 626 737 643 2.
758 617 865 644 Introd.
884 628 911 655 p.
932 618 981 646 IX.

157 671 247 695 Fucus
262 668 470 704 angustifolius
488 669 597 704 ligulas
617 669 753 705 referens.
778 670 810 696 C.
831 671 920 697 Bauh.
942 672 1000 706 pin.
1021 681 1046 708 p.
1069 672 1127 706 364.
1148 686 1183 694 -
1201 673 1271 709 Kyll.
1292 671 1382 701 Virid.
1402 683 1431 710 p.
1452 677 1496 708 45.
1526 684 1553 702 n.
1575 684 1599 711 7.

192 735 227 740 -—
266 729 286 747 s.
307 721 400 747 Filum
415 725 595 747 maritimum
616 722 820 749 Germanicum
845 723 969 750 Boccon.
999 725 1073 751 Mus.
1103 724 1131 751 di
1150 725 1217 753 fisic.
1244 736 1271 762 p.
1293 735 1353 761 271.
1373 727 1409 753 T.
1429 727 1518 763 7.·fig.
1539 736 1564 764 9.
1585 742 1619 749 —

223 756 308 783 Petiv.
332 756 446 791 gazoph.
467 757 501 782 T.
522 765 564 791 9¹·
593 756 637 792 fig.
658 764 684 790 5.

76 825 120 876 β)
147 827 302 875 inflata,
328 828 460 863 fronde
475 829 755 876 simplicissima,
780 833 928 880 majori,
950 835 1052 879 apice
1077 833 1209 869 inflata.

72 915 113 963 γ)
142 915 360 958 trichoz‘des,
385 916 517 951 fronde
531 917 813 964 simplicissima,
841 919 1018 965 capillari‚
1040 922 1191 955 minuta.
1643 928 1735 963 Tab.
1761 931 1818 968 13.

21 1000 177 1036 Habitat
192 1004 237 1036 ad
255 1014 334 1036 oras
353 1002 484 1037 Daniae
502 1003 701 1038 maritimas
715 1005 872 1052 vulgaris
885 1020 895 1053 3
925 1004 964 1051 β.
985 1012 1022 1041 et
1038 1021 1075 1054 y.
1091 1009 1129 1042 in
1146 1009 1227 1042 sinu
1243 1007 1462 1045 Othiniensi.

67 1095 193 1129 DESC.
243 1096 348 1129 Radix
365 1096 467 1129 callus
486 1098 641 1139 exiguus,
665 1101 876 1134 semiformis.
927 1103 1079 1134 Frondes
1101 1112 1296 1144 aggregatae,
1326 1113 1459 1143 teretes,
1486 1102 1617 1148 simpli-

156 1150 293 1182 cissimae
310 1174 319 1189 ,
344 1163 446 1181 unum
462 1150 583 1194 pedem
599 1152 641 1183 ad
658 1154 772 1194 viginti
788 1154 912 1195 longae,
935 1155 1004 1186 basi
1021 1167 1166 1199 pennam
1184 1157 1387 1200 passerinam
1414 1156 1535 1188 deinde
1555 1170 1618 1188 an-

152 1203 296 1234 serinam
312 1204 455 1234 crassitie
488 1203 556 1235 fere
576 1214 756 1249 zeqvantes,
783 1207 909 1251 apicem
935 1219 1048 1239 versus
1074 1217 1262 1247 attenuatae,
1291 1209 1343 1242 vel
1366 1210 1401 1241 in
1424 1210 1618 1254 specimini-

153 1255 214 1287 bus
231 1256 366 1288 vetustis
383 1255 549 1300 spiraliter
566 1266 678 1297 tortae,
702 1259 788 1291 intus
814 1258 972 1292 tubulosae
996 1269 1028 1291 et
1051 1260 1219 1293 interdum
1241 1262 1388 1294 obsolete
1413 1262 1615 1304 geniculatae,

153 1307 206 1341 vel
221 1308 480 1354 dissepimentis‚
506 1310 735 1351 geniculorum
753 1312 917 1352 adinstar,
943 1313 998 1345 hic
1023 1313 1091 1345 illie
1108 1315 1305 1359 interseptae.
1353 1316 1503 1361 Spatium
1531 1317 1616 1348 inter

152 1362 303 1403 genicula
324 1363 461 1395 diversae
485 1362 719 1405 longitudinis,
752 1379 840 1398 nunc
868 1365 994 1411 aliqvot
1021 1365 1142 1406 linem,
1175 1379 1263 1399 nunc
1285 1368 1442 1413 pollicem
1466 1368 1614 1410 longum,

152 1427 309 1455 vacuum⁷
336 1415 388 1449 vel
405 1428 501 1448 muco
519 1417 686 1450 interdum
703 1419 885 1464 repletumg
912 1419 1061 1461 genicula
1079 1429 1186 1452 tamen
1205 1421 1239 1452 in
1253 1421 1382 1461 multis,
1411 1423 1489 1467 qvin
1505 1422 1616 1467 pluri-

152 1469 213 1500 mis
232 1470 429 1501 nostratium
446 1471 581 1503 omnino
598 1472 726 1504 absunt.
771 1474 912 1505 Fructus
931 1472 1061 1505 Semina
1077 1473 1165 1505 nuda
1181 1475 1397 1507 minutissima
1414 1475 1503 1507 fusca
1519 1476 1615 1520 pyri-

153 1522 290 1561 sormia,
316 1523 465 1567 partibus
482 1524 694 1557 inferioribus
712 1527 884 1558 attenuatis
902 1534 1002 1558 totam
1017 1536 1184 1558 externam
1208 1527 1338 1560 frondis
1356 1530 1510 1573 paginam
1529 1529 1616 1560 den-

153 1575 277 1608 sissime
294 1575 489 1609 obsidentia.
538 1576 640 1610 Color
657 1578 947 1625 fusco-olivaccus.
998 1579 1185 1612 Substantia
1206 1581 1434 1623 cartilaginea,
1459 1591 1566 1614 tenax.

68 1652 159 1685 OBS.
210 1653 344 1685 Cher-cla
360 1667 375 1685 a
392 1654 583 1687 Clzordaria
598 1659 719 1700 partim
739 1658 950 1692 tubulositate
964 1672 1020 1692 sua
1031 1684 1039 1699 ‚
1067 1672 1138 1705 qvae
1154 1662 1286 1692 maximi
1303 1661 1444 1693 liabetur
1461 1673 1614 1693 momen-

157 1706 178 1737 ti
190 1731 198 1744 ,
226 1706 353 1745 differt,
379 1709 518 1750 partim,
543 1709 634 1753 qvod
649 1712 771 1743 semina
789 1713 933 1745 Clwrdoe
950 1725 1019 1745 non
1039 1722 1139 1745 totam
1157 1714 1285 1746 frondis
1300 1715 1514 1746 substantiam
1531 1728 1614 1746 con-

153 1760 308 1797 stituunt,
333 1759 391 1790 scd
406 1760 505 1793 modo
521 1771 649 1805 partein
665 1765 732 1804 ejus
759 1766 955 1798 exteriorem
978 1766 1130 1798 obsidere
1154 1765 1319 1799 videntur.
1363 1768 1493 1800 Semina
1516 1768 1613 1808 liujus

152 1811 231 1852 algae
247 1812 432 1844 observavit
449 1822 479 1844 ct
495 1812 672 1846 delineavit
694 1816 762 1848 Cel.
784 1818 927 1849 Lini-ius
951 1818 972 1849 l.
1000 1831 1047 1859 e.;
1074 1832 1189 1852 corum
1211 1821 1308 1851 etiam
1334 1821 1442 1852 obiter
1466 1821 1614 1852 meminit

152 1864 221 1896 Cel.
242 1864 416 1896 vazerus
434 1866 468 1898 in
485 1865 568 1897 Hist.
585 1867 664 1898 Fue.
683 1874 713 1903 2,
731 1881 764 1912 p.
783 1876 853 1905 122.
871 1872 905 1901 in
924 1880 1053 1909 annot„
1077 1873 1134 1903 uhi
1150 1872 1190 1904 dc
1204 1873 1299 1904 Fuco
1316 1874 1484 1905 esculento
1500 1872 1612 1917 loqvi-

152 1926 225 1957 tur3
249 1917 319 1949 haec
334 1926 441 1949 autem
458 1920 598 1958 semina,
623 1921 649 1951 si
667 1920 758 1953 frons
776 1922 909 1954 cultello
934 1922 1051 1956 leuiter
1076 1926 1136 1956 sub
1162 1938 1245 1970 aqva
1267 1934 1409 1965 teratur,
1437 1926 1532 1958 facile
1558 1925 1613 1957 di-

151 1969 335 2010 velluntur,
362 1980 392 2002 ct
411 1972 455 2002 sic
472 1971 552 2003 lenti
569 1973 714 2014 subjecta
730 1975 764 2006 in
783 1985 996 2020 conspectum
1022 1977 1225 2010 observantis
1251 1979 1404 2019 veniunt3
1425 1980 1530 2024 iisqve
1558 1991 1612 2010 se-

150 2024 293 2055 minibus
308 2024 547 2068 pyrisormibus
565 2022 890 2072 lubi-icitas‘plantae,
917 2029 1034 2067 credo,
1062 2030 1211 2063 debetur.
1236 2049 1278 2055 -—
1303 2033 1380 2064 Haec
1399 2045 1504 2077 porro
1528 2031 1611 2073 alga,

150 2077 185 2108 in
202 2089 283 2121 aqva
298 2077 448 2115 fluitans,
474 2086 618 2111 tomento
638 2079 739 2112 denso
756 2081 918 2114 albicante
946 2084 1137 2116 tenuissimo
1159 2097 1220 2129 per
1245 2094 1347 2118 totam
1370 2085 1525 2118 frondem
1547 2085 1612 2116 ob-

153 2128 265 2168 ducta,
298 2129 464 2162 interdum
490 2133 710 2176 conspicitur,
745 2134 835 2178 qvod
856 2144 982 2174 tamen,
1013 2137 1128 2181 plantz'i
1153 2151 1191 2169 cx
1214 2151 1295 2183 aqva
1320 2139 1480 2177 extracta,
1506 2139 1611 2171 visum

151 2181 344 2226 plerumqve
361 2182 462 2224 sugit3
489 2183 572 2216 illud
591 2195 791 2226 tomentum,
817 2187 897 2220 lenti
915 2189 1098 2231 subjectum
1110 2215 1118 2224 ,
1146 2204 1161 2222 e
1179 2191 1270 2223 fibris
1294 2191 1469 2237 pellucidis
1487 2191 1611 2223 articu-

151 2233 224 2266 latis
241 2244 389 2267 constare
405 2237 570 2278 cernitur;
596 2238 754 2272 differunt
770 2250 877 2273 autem
897 2242 946 2274 hae.
962 2243 1053 2275 fibrae
1073 2244 1113 2275 ab
1132 2245 1168 2276 iis
1180 2269 1188 2282 ‚
1216 2256 1286 2289 que
1308 2246 1342 2276 in
1365 2245 1459 2276 Fano
1476 2245 1610 2276 vesicu-

151 2287 220 2318 loso
238 2287 372 2332 aliisqve
388 2300 585 2329 cernuntur,
612 2293 645 2324 in
663 2294 780 2338 qvibus
798 2294 1011 2327 fasciculatim
1034 2306 1194 2338 congestae
1221 2310 1238 2328 c
1261 2298 1352 2342 poris
1377 2297 1508 2330 clevatis
1532 2309 1612 2328 exe-

152 2349 229 2378 unt,
253 2341 288 2372 in
307 2353 361 2380 eo,
389 2342 478 2386 qvod
502 2345 536 2375 in
557 2345 619 2377 hac
645 2348 772 2391 specie,
800 2356 835 2379 ut
858 2349 954 2380 eiiam
977 2350 1010 2380 in
1041 2350 1130 2382 Ulva
1145 2349 1456 2394 plantagimfolia,
1482 2351 1611 2394 Seytos.'

151 2399 331 2425 tomentoso
343 2420 350 2429 .
365 2393 605 2438 foeniculaceo
621 2399 773 2445 aliisqve‚
797 2413 857 2445 per
875 2410 973 2433 totam
991 2402 1145 2434 frondem
1163 2402 1338 2448 parallele⁷
1365 2413 1400 2436 ut
1424 2405 1467 2435 ita
1489 2403 1606 2437 dicam.

151 2456 361 2491 sparguntur.
388 2466 429 2472 —
453 2450 603 2497 Deniqve
619 2453 697 2485 Var.
712 2457 747 2496 β.
765 2466 876 2487 ansam
894 2455 962 2488 Cel.
979 2456 1103 2490 Rotlzio
1121 2455 1229 2496 dedit,
1254 2456 1338 2489 hanc
1362 2458 1504 2502 speciem
1525 2456 1610 2487 inter

1329 2513 1410 2556 (10)
