1990 2793
412 121 459 160 26
861 117 1030 154 SECTIO
1056 117 1221 153 PRIMA.
1277 116 1422 154 ULVA.

492 222 623 266 E'gilli,
655 220 877 264 Scallagrimi
901 222 975 262 filii,
1008 223 1062 266 qvi
1087 222 1195 255 seculo
1218 223 1260 254 X.
1291 223 1407 254 vixisse
1431 221 1634 267 perhibetur.
1699 219 1830 254 Scilicet
1859 231 1933 252 cum

494 274 640 316 Egillus,
668 275 717 306 vir
734 275 766 305 in
785 273 921 305 lslundia
938 284 1074 319 potens,
1101 275 1142 307 ob
1160 284 1299 307 mortem
1323 274 1379 305 filii
1398 273 1615 312 dilectissimi,
1645 273 1795 306 fluctibus
1813 273 1934 311 obruti,

492 336 720 373 przematuram
738 327 825 367 gravi
843 328 969 358 tristitia
987 328 1128 365 afli-etus,
1155 328 1262 359 inedia
1282 329 1379 359 vitam
1397 327 1459 357 sihi
1474 327 1567 358 finire
1581 328 1814 362 constituisset,
1841 325 1937 358 ideo-

495 393 556 424 qve
574 381 607 411 iu
628 378 831 417 cubiculum,
858 379 948 411 nullo
964 380 1104 411 admisso
1116 403 1123 415 ,
1147 392 1180 410 se
1197 379 1396 418 inclusisset,
1424 379 1488 411 filia
1507 381 1573 419 ejus
1591 379 1806 410 amantissima
1822 377 1878 411 Sol
1896 377 1936 409 ad

496 432 585 464 littus
604 432 749 471 collegit,
768 441 797 463 et
811 432 911 475 patris
926 434 1053 473 januam
1072 431 1223 476 pulsans,
1247 441 1281 463 ut
1305 445 1338 463 se
1361 433 1609 467 intromitteret,
1636 431 1761 463 orando
1787 431 1935 462 instabat.

496 487 639 528 Compos
662 484 728 515 voti
748 484 829 514 {acta
847 483 909 516 alio
932 483 1016 516 lecto
1040 484 1233 522 recubabat,
1260 493 1292 515 et
1313 486 1415 528 patris
1441 485 1525 526 genii
1550 483 1664 515 comula
1689 482 1878 522 simulabat,
1903 494 1937 514 se

496 540 562 578 ejus
580 536 729 580 exemplo
747 536 845 567 vitam
862 536 922 567 sibi
939 549 1068 581 qvoqve
1085 537 1286 569 consciscere
1305 537 1403 570 velle,
1431 549 1534 580 eoqve
1557 537 1688 568 nomine
1712 535 1850 568 multum
1865 534 1936 566 lau-

497 589 545 621 dis
562 598 683 633 apati·e
704 588 902 632 reportabat.
952 591 1038 621 Tum
1067 588 1212 629 Egillus:
1239 588 1329 631 Qvid
1358 590 1405 620 rei
1427 598 1490 623 cst,
1519 589 1599 627 filia,
1625 588 1714 633 qvod
1737 587 1936 620 manducas?

496 643 556 674 Cui
573 641 645 672 illa:
666 640 721 672 Sol
740 640 878 677 mando,
906 650 937 673 ct
960 642 1081 673 malum
1107 642 1187 673 mihi
1213 642 1289 673 inde
1313 642 1420 681 augeri
1448 642 1600 672 arbitror.
1646 643 1732 672 Tum
1756 640 1828 671 ille:
1852 641 1939 671 Num

497 693 570 732 Sol,
596 694 719 737 inqvit,
745 693 871 724 homini
894 695 989 725 noxia
1015 695 1114 729 sunt?
1140 694 1222 726 Filia
1250 694 1387 725 multum
1412 706 1530 724 nocere
1555 694 1715 725 affirmans
1744 693 1877 737 qvaerit,
1897 703 1938 722 an
1963 707 1965 709 ·

494 747 564 791 ipse
581 754 708 786 gustare
723 744 810 777 velit.
859 748 902 778 At
918 746 970 777 illc
988 759 1104 790 parum
1120 759 1155 778 re
1174 759 1244 778 erre
1263 746 1395 778 credere
1418 759 1450 777 se
1474 745 1653 789 respondit.
1702 746 1783 776 Filia
1807 757 1872 777 non
1897 745 1938 774 ita

495 798 597 830 multo
620 806 695 842 post
715 806 830 842 potum
852 800 1021 842 poposcit,
1057 800 1107 830 cui
1132 807 1162 830 et
1187 799 1343 843 poculum
1370 799 1469 842 aqva,
1496 806 1530 828 nt
1553 798 1780 836 simulabatur,
1805 797 1940 840 plenum

499 853 651 882 traditum
671 859 727 881 cst.
775 853 862 882 Tum
881 851 1024 891 Egillus:
1045 852 1146 882 Esum
1165 852 1260 891 hujus
1279 852 1356 892 algae
1375 852 1442 882 silis
1460 851 1642 882 comitatur.
1690 852 1733 883 At
1752 850 1836 881 filia:
1863 851 1880 881 N
1893 849 1939 880 is-

496 916 536 935 ne
562 904 630 947 ipse
653 903 789 939 bibere?
823 903 948 944 Egillus
965 912 1090 942 autem,
1122 903 1242 948 poculo
1266 912 1416 948 accepto,
1441 902 1578 935 multum
1599 903 1723 943 hausi13
1754 915 1817 946 qvo
1843 901 1938 941 facto,

498 955 563 987 filia
581 956 608 986 ci
625 955 721 986 dixit:
749 955 881 986 Seducti
899 968 1026 995 sumusg,
1053 968 1127 986 nam
1144 969 1206 999 pro
1226 968 1307 1001 aqva
1325 956 1372 987 lac
1391 957 1486 988 nobis
1509 956 1619 987 datum
1639 965 1695 987 est.
1739 955 1791 987 Sic
1818 954 1937 986 callido

497 1008 570 1040 filiae
588 1016 810 1048 strategemate
826 1016 919 1052 pater
942 1021 959 1038 a
975 1008 1060 1039 malo
1081 1020 1138 1040 suo
1164 1008 1327 1040 moriendi
1352 1008 1488 1040 consilio
1512 1017 1699 1046 revocatus,
1724 1019 1799 1038 cum
1819 1006 1938 1037 deiude

494 1060 593 1091 alium
609 1062 703 1091 ctiam
725 1061 833 1091 cibum
852 1073 968 1104 capere
984 1073 1051 1092 non
1068 1070 1253 1099 recusasset,
1273 1060 1396 1104 aliqvot
1412 1061 1503 1092 annis
1522 1062 1554 1091 in
1573 1061 1634 1092 vita
1653 1060 1841 1105 permansit.
1888 1059 1937 1090 Ex

493 1113 554 1144 hac
574 1114 759 1144 narratione
777 1121 876 1156 patet,
904 1113 986 1144 hanc
1003 1113 1107 1153 algam
1124 1114 1163 1144 ab
1181 1114 1404 1156 antiqvissimo
1426 1122 1573 1157 tempore
1588 1113 1724 1144 islandis
1743 1112 1839 1144 suisse
1856 1122 1937 1151 cog-

495 1166 605 1199 uitam,
626 1164 701 1195 licet
716 1165 864 1196 nondum
880 1174 1077 1208 usurpatam.
1126 1166 1190 1198 Sed
1215 1179 1251 1197 ex
1275 1167 1496 1209 antiqvissima
1520 1164 1726 1196 lslandorum
1754 1164 1840 1205 lege,
1866 1175 1936 1208 qva}

496 1217 676 1260 Grsmgaas
702 1217 837 1255 dieitur,
872 1226 903 1248 et
926 1218 978 1257 ab„
995 1218 1087 1250 initio
1111 1218 1208 1254 seculi
1233 1219 1305 1250 Xll.
1331 1219 1516 1262 conscripta
1543 1217 1618 1256 suit,
1651 1218 1725 1248 satis
1755 1216 1936 1247 luculenter

496 1270 671 1308 evincitur,
696 1269 832 1300 eandem
850 1269 953 1309 algam
966 1294 973 1307 ,
1001 1278 1151 1314 tanqvam
1165 1271 1273 1302 cibum
1290 1272 1396 1311 magni
1415 1266 1614 1307 mes-tinnitum,
1642 1270 1681 1300 ab
1699 1281 1736 1300 eo
1756 1268 1831 1300 inde
1853 1277 1936 1299 tem-

494 1333 578 1367 pone
600 1326 788 1366 usurpatam
813 1322 927 1362 suisse3
953 1323 1114 1367 siqvidem
1136 1325 1203 1364 ejus
1237 1325 1354 1356 taxatio
1379 1324 1412 1354 in
1437 1336 1471 1354 ea
1496 1323 1564 1363 lege
1587 1331 1694 1354 exacte
1719 1322 1936 1353 constituiuu·.

494 1375 705 1419 Eandemqve
724 1387 861 1407 tmacum
877 1374 946 1407 aliis
965 1375 1246 1419 Thalassiopliytis
1264 1376 1379 1408 seriori
1395 1377 1490 1407 ctiam
1512 1385 1658 1420 tempore
1684 1383 1748 1405 tam
1775 1375 1807 1405 in
1830 1373 1935 1406 Islan-

495 1428 567 1467 dia,
592 1440 687 1471 qvam
704 1429 736 1458 in
750 1428 862 1459 insulis
880 1429 1103 1460 Faeroensibus
1120 1428 1259 1472 alibiqvc
1275 1429 1462 1460 alimentum
1478 1429 1512 1459 in
1529 1429 1727 1459 cibariorum
1744 1428 1853 1471 inopia
1871 1426 1936 1459 ho-

494 1481 636 1512 minibus
654 1480 741 1511 haud
758 1481 905 1524 ineptum
923 1490 1094 1524 praestare,
1118 1482 1191 1512 satis
1211 1490 1355 1520 constat3
1381 1483 1413 1512 in
1433 1483 1523 1521 cujus
1541 1481 1587 1511 rei
1606 1480 1702 1512 fidem
1719 1479 1903 1524 exemplum
1918 1491 1935 1510 a

494 1533 667 1573 Bjartzorle
680 1533 787 1566 Pauli
802 1534 941 1577 petitum
955 1534 1068 1564 afferre
1086 1533 1211 1577 placem
1243 1534 1323 1565 dicit
1342 1546 1459 1577 nempe
1483 1534 1532 1565 vir
1559 1532 1613 1563 ille
1641 1532 1807 1563 laudatus:
1835 1531 1933 1564 ”Sola

494 1585 550 1617 illa
568 1585 637 1626 alga
656 1585 768 1624 (Ulca
779 1587 956 1628 palmata)
981 1594 1011 1616 et
1032 1585 1114 1618 alato
1139 1588 1277 1618 arboreo
1304 1586 1391 1618 eduli
1416 1586 1489 1617 suco
1512 1585 1733 1625 (Lamiam-ia
1749 1585 1933 1624 esculenta)

494 1637 728 1682 pauperculam
758 1638 939 1669 mendicam
974 1640 1093 1670 atrocia
1126 1648 1351 1683 tempestatum
1378 1648 1520 1682 mstuqve
1549 1638 1646 1668 maris
1672 1649 1745 1668 cum
1772 1635 1933 1668 infantulo

495 1689 632 1721 lactente
657 1691 690 1721 in
713 1690 820 1722 sinulo
848 1690 989 1735 qvodam
1014 1691 1156 1735 scopulis
1183 1701 1275 1735 septo
1304 1691 1509 1723 interclusam
1534 1691 1632 1721 trium
1655 1689 1935 1721 hebdomadarum

495 1744 600 1786 spatio
619 1743 746 1779 crudis,
772 1745 853 1774 utin
876 1743 963 1774 littus
980 1745 1207 1783 ejiciebantur,
1233 1757 1266 1775 sc
1283 1753 1313 1775 et
1330 1744 1487 1775 infantem
1511 1752 1720 1781 sustentasse,
1747 1755 1762 1773 a
1788 1743 1857 1774 viro
1879 1753 1932 1773 sc-

494 1796 587 1827 niorc
606 1795 670 1826 fide
687 1795 797 1836 digno,
824 1797 878 1839 qvi
894 1805 1029 1827 matrem
1048 1808 1121 1827 cum
1136 1797 1258 1828 infante
1272 1806 1384 1841 postea
1402 1796 1495 1835 vidit,
1518 1795 1655 1827 relatum
1673 1795 1814 1838 accepi.’'
1857 1794 1931 1836 (cfr.

493 1850 561 1888 ejus
578 1848 749 1892 Specimcn
768 1849 1032 1880 observationum
1048 1850 1131 1880 eirca
1150 1849 1250 1893 plant.
1270 1861 1348 1880 mar.
1367 1848 1486 1880 Island.
1512 1857 1544 1879 ct
1568 1848 1735 1891 speciatim
1753 1845 1842 1887 Algae
1859 1859 1931 1878 sac-

492 1900 659 1931 chariserae
677 1902 835 1941 originem
852 1910 958 1945 partes
974 1910 1004 1932 et
1023 1914 1096 1933 usus
1114 1902 1209 1933 Hafn.
1228 1905 1317 1938 1749.
1341 1914 1374 1945 p.
1390 1908 1441 1936 21.
1458 1909 1489 1932 et
1506 1899 1572 1938 26.)

437 2005 471 2038 2.
532 1999 572 2032 U.
598 2000 736 2042 eduli35
777 2000 906 2034 fronde
930 2001 1164 2044 cuneiformi,
1206 2001 1452 2046 integerrima,
1488 2000 1587 2044 apice
1609 1999 1819 2043 rotundata,
1849 1999 1925 2033 basi

362 2070 564 2109 attenuata3
587 2067 781 2100 seminibus
797 2068 927 2111 ubiqve
944 2079 1009 2110 per
1027 2067 1194 2101 frondem
1213 2069 1355 2112 sparsis.

495 2136 571 2161 Ulva
590 2135 681 2161 edults
700 2136 822 2162 Docand.
847 2136 870 2162 fl.
892 2136 921 2162 fr.
945 2146 968 2167 2,
989 2147 1014 2171 p.
1041 2146 1079 2162 12.

494 2194 581 2218 fucus
597 2192 688 2217 e'ciulis
708 2194 772 2218 Ner.
794 2193 866 2219 bria.
887 2194 920 2219 T.
947 2203 983 2219 η.
1004 2209 1036 2214 -
1053 2194 1130 2228 Engl.
1152 2194 1210 2221 bot.
1233 2195 1267 2221 T.
1294 2201 1368 2229 13⁰7·
1387 2207 1423 2213 —
1441 2193 1527 2219 Turn.
1548 2193 1610 2227 Syn.
1631 2203 1656 2228 p.
1681 2199 1735 2225 ¹80.
1757 2201 1783 2221 et
1801 2193 1870 2220 Hist.
1891 2194 1924 2220 T.

557 2236 612 2260 ¹¹4·
631 2242 665 2247 —
684 2228 774 2253 With.
798 2228 867 2254 briu.
888 2237 914 2262 4,
935 2238 960 2263 p.
982 2238 1037 2254 101.

507 2295 542 2303 -—
578 2282 669 2308 dulcis
689 2283 777 2309 Gmel.
798 2293 825 2318 p.
847 2290 902 2317 189.
922 2284 956 2311 T.
978 2284 1018 2311 26.

576 2338 702 2362 Lactuca
723 2338 814 2373 Esper.
836 2339 869 2364 T.
891 2339 932 2374 64.

506 2402 541 2409 -—
575 2401 709 2416 carnosus
727 2393 817 2427 Esper.
840 2394 873 2420 T.
894 2394 935 2427 76.

507 2458 542 2465 -—
576 2447 721 2479 palmatus
742 2447 766 2475 β.
787 2448 887 2482 Lights.
906 2459 933 2484 p.
953 2456 1013 2484 934.
