1990 2793
450 120 621 156 SECTIO
648 118 864 166 QVARTA:
925 118 1199 156 CONFERVA
1485 127 1557 165 139

88 226 131 274 β)
159 226 348 270 ἔινιιηηρας
375 227 441 262 filis
461 228 695 271 tenuissimis,
728 226 890 269 lubricis,
915 227 1084 271 hyalinis,
1117 229 1153 261 in
1180 231 1332 260 stratum
1354 226 1464 260 dilute
1490 227 1606 260 brun-

138 307 264 338 neum,
295 308 393 341 aqvae
418 295 618 339 superficiei
633 295 872 338 innatantem,
901 296 1110 329 densissime
1129 295 1321 339 intricatis,
1348 294 1503 328 articulis
1525 296 1605 328 dia-

139 367 257 395 metro
276 362 408 406 4—5plo
433 362 672 407 longioribus,
697 361 894 406 pellucidis.

81 444 122 491 y)
149 445 351 479 utriculum
358 457 372 488 ,-
398 446 464 479 filis
482 446 718 490 tenuissimis,
745 445 902 480 articulis
919 446 1093 480 diametro
1110 445 1495 492 3—4plolongiorib1133
1516 458 1601 491 gra—
1626 445 1715 480 Tab.
1739 448 1798 486 46.

135 513 228 546 nulis
246 514 283 546 in
299 512 460 557 globulos
479 512 649 558 oblongos
660 506 730 556 ,'in
747 514 868 559 qvovis
885 512 1036 547 articulo
1051 514 1187 559 plures,
1216 515 1399 548 distinctos
1421 513 1601 558 collapsis3

135 579 304 624 geniculis
322 579 380 612 hic
397 579 468 612 illic
485 581 685 615 contractis.

32 662 182 696 Habitat
202 664 239 696 in
254 663 359 697 fossis
373 665 574 710 stagnisqve
592 670 647 698 sat
662 664 846 711 freqvens,
873 672 914 700 ut
928 668 965 700 in
982 665 1126 700 turfosis
1145 668 1189 700 ad
1203 666 1396 712 Bagsvaerd
1415 665 1602 698 Sellandiae

27 735 67 763 et
83 729 350 775 Hofmansgavc
365 731 510 764 Fioniae.
530 750 577 756 —
591 730 629 773 β.
644 733 682 766 in
697 732 842 767 turfosis
862 733 1057 778 Geelslyng
1075 745 1187 778 prope
1204 732 1382 767 Geelskov
1398 732 1603 775 Sellandiae;

29 799 136 831 etiam
157 798 202 831 ad
227 797 403 831 officinam
437 797 625 832 ferrariam
649 799 731 833 Naes
755 800 954 845 Norvegiae.
992 818 1040 826 ——
1072 814 1107 846 γ.
1134 802 1170 834 in
1195 801 1326 845 stagnis
1354 799 1600 835 Gravmarken

27 875 141 909 prope
157 864 426 909 Hofmansgave
441 867 535 899 inter
555 868 716 911 caespites
733 867 922 902 Confervae
939 869 1091 902 sordidae
1108 868 1295 913 aliqvando
1316 868 1398 901 vidi.

73 946 196 978 DESC.
253 948 380 991 Caespes
404 947 631 987 densissimus,
658 949 845 987 intricatus,
871 948 1004 981 sordide
1030 950 1222 984 flavescens,
1245 947 1354 992 pedali
1380 956 1410 979 et
1434 946 1517 978 ultra
1542 959 1600 978 cx-

158 1000 320 1038 tensione,
347 1012 490 1037 crassus,
516 1012 605 1043 aqvae
622 1001 807 1044 superficiei
822 1002 981 1033 innatans.
1029 1001 1100 1032 Fila
1121 1000 1299 1044 simplicia,
1321 999 1440 1043 capillo
1457 1000 1600 1031 humano

159 1052 323 1089 tenuiora,
351 1052 510 1082 intricata.
558 1052 699 1084 Articuli
717 1053 873 1085 diametro
888 1053 1007 1098 4-(3plo
1024 1053 1187 1093 longiores
1199 1077 1207 1091 ,
1231 1052 1385 1095 diaphani
1410 1052 1460 1084 vel
1477 1064 1597 1093 granu—

157 1102 197 1134 lis
213 1104 413 1148 paucissimis
431 1104 587 1148 adspersi.
636 1105 794 1137 Genicula
808 1107 964 1145 obscura,
990 1107 1023 1136 in
1042 1114 1126 1136 statu
1142 1106 1260 1136 siccato
1282 1103 1459 1143 anuularia,
1482 1116 1600 1148 parum

158 1164 335 1187 contracta.
378 1155 480 1188 Color
498 1157 636 1200 caespitis
653 1157 933 1190 flavo-virescens.
982 1158 1167 1189 Substantia
1190 1156 1322 1188 filorum
1342 1169 1404 1200 pro
1431 1158 1599 1187 teneritate

158 1217 206 1240 sat
224 1217 327 1239 tenax.
376 1209 460 1240 Vere
478 1208 573 1239 nubis
589 1209 690 1239 instar
706 1208 834 1252 plantas
851 1210 1012 1253 aqvaticas
1030 1209 1115 1240 infra
1131 1221 1219 1252 aqvae
1236 1209 1442 1253 superficiem
1457 1209 1599 1239 circum-

158 1260 258 1298 dans,
283 1269 389 1292 aestate
404 1261 568 1304 caespitem
584 1260 722 1292 densum
741 1274 830 1305 aqvae
848 1262 1046 1293 innatantem
1064 1261 1218 1293 formans.
1269 1261 1397 1292 Chartae
1422 1260 1577 1292 adhaeret.

74 1336 164 1369 OBS.
207 1337 354 1367 varietas
372 1339 411 1377 β,
436 1348 532 1379 qvam
547 1338 581 1368 in
605 1337 698 1369 fossis
724 1337 855 1369 turfosis
883 1337 1058 1382 profundis
1085 1349 1174 1381 aqvae
1197 1337 1381 1381 superficiei
1404 1337 1601 1368 innatantem

157 1389 282 1423 inveni,
306 1388 368 1419 filis
387 1388 504 1429 gaudet
519 1389 652 1420 lubricis
680 1398 711 1420 et
733 1391 871 1421 maxime
898 1391 1076 1427 intricatis,
1098 1390 1268 1424 brevibus,
1294 1388 1444 1433 pollicari
1470 1390 1599 1420 circiter

156 1440 380 1480 longitudine,
417 1441 476 1471 suh
500 1440 585 1472 lente
609 1443 743 1474 omnino
769 1442 916 1486 hyalina3
950 1443 1106 1474 exsiccata
1129 1442 1275 1473 chartam
1297 1440 1442 1472 bibulam
1465 1442 1599 1473 omnino

157 1492 336 1525 aemulatur.
359 1509 402 1516 —
423 1493 568 1525 Varietas
584 1507 617 1534 γ.
634 1506 702 1526 non
719 1496 828 1535 magni
846 1504 892 1527 est
908 1495 1075 1533 momenti,
1102 1503 1133 1525 et
1149 1495 1218 1525 siue
1234 1493 1335 1525 dubio
1352 1505 1414 1537 pro
1432 1503 1600 1526 monstro-

157 1546 247 1577 sitate
266 1545 400 1577 fortuita
413 1545 527 1577 haberi
542 1555 661 1590 potest.

106 1684 138 1722 9.
191 1679 225 1712 C.
245 1678 396 1723 alpina,-
417 1680 483 1714 filis
501 1682 741 1727 simplicibus,
769 1684 1003 1726 tenuissimis,
1031 1682 1294 1725 fluctuantibus,
1321 1681 1439 1724 rectis,
1464 1669 1598 1725 badiis3
1623 1683 1713 1718 Tab.
1733 1687 1794 1723 47.

25 1745 184 1779 articulis
202 1746 376 1790 diametro
398 1749 593 1793 qvadruplo
611 1750 841 1795 longioribus·
1539 1748 1548 1762 s

158 1826 307 1861 Ccnserva
328 1837 442 1852 mucosa
462 1828 640 1864 confragosis
658 1834 761 1857 rivulis
780 1837 930 1858 innascens
949 1832 1049 1858 Dissen.
1071 1831 1139 1859 Tab.
1162 1841 1185 1857 2.
1208 1832 1251 1867 fig.
1270 1836 1296 1865 4.

225 1892 260 1898 -
331 1880 467 1904 violacea
488 1880 574 1906 Huds.
595 1891 620 1916 p.
641 1889 700 1916 592.

225 1944 260 1949 -—
331 1930 505 1964 confragosa
525 1932 625 1967 Lighzf.
646 1944 672 1969 p.
692 1935 751 1969 976.
773 1949 805 1955 —-
824 1935 912 1961 With.
933 1939 959 1968 4,
980 1945 1006 1970 p.
1030 1939 1086 1967 ηδ.

225 1993 260 2000 —
333 1985 498 2007 ericemrum
517 1985 541 2013 β.
563 1990 702 2019 aqvatica
721 1987 767 2021 Ag.
791 1987 852 2021 Syn.
876 1997 900 2022 p.
923 1986 976 2020 76?

23 2053 175 2087 Habitat
191 2054 228 2087 in
240 2053 387 2086 lacubus
411 2053 536 2097 alpinis
552 2056 582 2089 F
584 2058 812 2102 aeroensibus,
838 2064 879 2092 ut
895 2061 933 2092 in
954 2060 1088 2103 stagnis
1106 2061 1206 2104 rupis
1222 2057 1489 2093 Kirkebbefield
1504 2069 1594 2103 pro-

24 2131 70 2164 pe
82 2120 312 2164 Thorshavn,
338 2122 432 2154 saxis
449 2122 598 2168 adnata,
624 2136 705 2158 raro
730 2125 841 2159 libere
859 2126 1013 2159 fluitans.

70 2201 192 2233 DESC.
240 2203 366 2246 Caespes
385 2211 447 2233 tres
465 2213 642 2247 qvatuorvc
656 2206 792 2249 pollices
809 2206 935 2248 longus,
962 2208 1044 2239 saxis
1056 2207 1285 2252 lapidibusqvc
1302 2207 1342 2239 ad
1363 2208 1450 2251 ripas
1467 2205 1595 2237 lacuum

156 2253 387 2292 adhaerescens,
412 2255 582 2288 fluctuans.
631 2258 702 2289 Fila
718 2258 887 2302 simplicia,
911 2258 1029 2303 capillo
1047 2259 1189 2292 humano
1208 2261 1365 2295 tenuiora,
1390 2267 1488 2293 recta,
1512 2257 1595 2288 den-

157 2306 290 2337 sissima.
340 2307 477 2338 Articuli
495 2308 652 2341 diametro
672 2310 790 2354 4—5plo
809 2310 989 2351 longiores,
1015 2312 1240 2347 rubescentes,
1266 2312 1374 2343 medio
1398 2309 1522 2341 macula
1540 2310 1594 2340 su-

157 2369 210 2389 sca
225 2357 365 2398 oblonga
380 2360 492 2390 notati.
541 2361 700 2393 Geuieula
716 2363 854 2394 obscura
872 2371 902 2394 ct
916 2362 1090 2406 pellucida.
1139 2364 1240 2395 Color
1259 2365 1396 2408 caespitis
1411 2361 1525 2394 badius
1545 2361 1593 2393 vel

158 2409 330 2441 violaceus.
379 2410 564 2444 Substantia
580 2416 763 2446 tenerrima.
809 2416 948 2447 Aestate.
1003 2416 1130 2447 Chartae
1149 2416 1301 2448 adhaeret.

1100 2506 1202 2548 (18²)
