<?xml version="1.0" encoding="UTF-8"?>
<!DOCTYPE html PUBLIC "-//W3C//DTD XHTML 1.0 Transitional//EN"
    "http://www.w3.org/TR/xhtml1/DTD/xhtml1-transitional.dtd">
<html xmlns="http://www.w3.org/1999/xhtml" xml:lang="en" lang="en">
 <head>
  <title>
</title>
<meta http-equiv="Content-Type" content="text/html;charset=utf-8" />
  <meta name='ocr-system' content='tesseract 3.04.00' />
  <meta name='ocr-capabilities' content='ocr_page ocr_carea ocr_par ocr_line ocrx_word'/>
</head>
<body>
  <div class='ocr_page' id='page_1' title='image "./tentamenhydrophy00lyng_0032.png"; bbox 0 0 1990 2793; ppageno 0'>
   <div class='ocr_carea' id='block_1_1' title="bbox 164 61 1152 99">
    <p class='ocr_par' dir='ltr' id='par_1_1' title="bbox 164 61 1152 99">
     <span class='ocr_line' id='line_1_1' title="bbox 164 61 1152 99; baseline 0 -2"><span class='ocrx_word' id='word_1_1' title='bbox 164 74 262 98; x_wconf 78' lang='lat' dir='ltr'>xxn</span> <span class='ocrx_word' id='word_1_2' title='bbox 875 61 1152 99; x_wconf 83' lang='lat' dir='ltr'><strong>PRAEFATIO.</strong></span> 
     </span>
    </p>
   </div>
   <div class='ocr_carea' id='block_1_2' title="bbox 109 162 1923 1856">
    <p class='ocr_par' dir='ltr' id='par_1_2' title="bbox 109 162 1923 1856">
     <span class='ocr_line' id='line_1_2' title="bbox 109 162 1909 229; baseline 0.001 -18"><span class='ocrx_word' id='word_1_3' title='bbox 109 177 207 211; x_wconf 87' lang='lat' dir='ltr'>stro</span> <span class='ocrx_word' id='word_1_4' title='bbox 232 175 392 211; x_wconf 83' lang='lat' dir='ltr'>tamen</span> <span class='ocrx_word' id='word_1_5' title='bbox 413 182 512 212; x_wconf 86' lang='lat' dir='ltr'>aevo</span> <span class='ocrx_word' id='word_1_6' title='bbox 531 168 611 212; x_wconf 83' lang='lat' dir='ltr'>vix</span> <span class='ocrx_word' id='word_1_7' title='bbox 632 177 762 213; x_wconf 83' lang='lat' dir='ltr'>certo</span> <span class='ocrx_word' id='word_1_8' title='bbox 786 165 972 211; x_wconf 87' lang='lat' dir='ltr'>definiri</span> <span class='ocrx_word' id='word_1_9' title='bbox 995 177 1191 229; x_wconf 81' lang='lat' dir='ltr'>qveunt,</span> <span class='ocrx_word' id='word_1_10' title='bbox 1228 162 1472 212; x_wconf 83' lang='lat' dir='ltr'>efficacem</span> <span class='ocrx_word' id='word_1_11' title='bbox 1491 168 1541 210; x_wconf 90' lang='lat' dir='ltr'>in</span> <span class='ocrx_word' id='word_1_12' title='bbox 1558 169 1701 212; x_wconf 80' lang='lat' dir='ltr'>variis</span> <span class='ocrx_word' id='word_1_13' title='bbox 1727 167 1909 213; x_wconf 84' lang='lat' dir='ltr'>morbis</span> 
     </span>
     <span class='ocr_line' id='line_1_3' title="bbox 112 239 1923 304; baseline 0.002 -20"><span class='ocrx_word' id='word_1_14' title='bbox 112 239 432 285; x_wconf 80' lang='lat' dir='ltr'>attribuerunt</span> <span class='ocrx_word' id='word_1_15' title='bbox 455 241 706 287; x_wconf 88' lang='lat' dir='ltr'>medelam.</span> <span class='ocrx_word' id='word_1_16' title='bbox 774 242 946 286; x_wconf 88' lang='lat' dir='ltr'>Mucus</span> <span class='ocrx_word' id='word_1_17' title='bbox 975 240 1074 298; x_wconf 82' lang='lat' dir='ltr'>ille,</span> <span class='ocrx_word' id='word_1_18' title='bbox 1123 243 1201 304; x_wconf 88' lang='lat' dir='ltr'>qvi</span> <span class='ocrx_word' id='word_1_19' title='bbox 1226 243 1278 285; x_wconf 93' lang='lat' dir='ltr'>in</span> <span class='ocrx_word' id='word_1_20' title='bbox 1304 240 1620 303; x_wconf 78' lang='lat' dir='ltr'>receptaculis</span> <span class='ocrx_word' id='word_1_21' title='bbox 1645 243 1764 286; x_wconf 62' lang='lat' dir='ltr'>Fuci</span> <span class='ocrx_word' id='word_1_22' title='bbox 1783 247 1923 287; x_wconf 38' lang='lat' dir='ltr'>vesi-⁷</span> 
     </span>
     <span class='ocr_line' id='line_1_4' title="bbox 113 314 1912 380; baseline 0.001 -22"><span class='ocrx_word' id='word_1_23' title='bbox 113 315 269 359; x_wconf 74' lang='lat' dir='ltr'>culosi</span> <span class='ocrx_word' id='word_1_24' title='bbox 294 316 446 372; x_wconf 68' lang='lat' dir='ltr'>adest7</span> <span class='ocrx_word' id='word_1_25' title='bbox 478 318 528 360; x_wconf 92' lang='lat' dir='ltr'>in</span> <span class='ocrx_word' id='word_1_26' title='bbox 550 315 805 380; x_wconf 77' lang='lat' dir='ltr'>glandibus</span> <span class='ocrx_word' id='word_1_27' title='bbox 826 314 1156 378; x_wconf 88' lang='lat' dir='ltr'>scrophulosis</span> <span class='ocrx_word' id='word_1_28' title='bbox 1178 317 1396 379; x_wconf 88' lang='lat' dir='ltr'>corporis</span> <span class='ocrx_word' id='word_1_29' title='bbox 1417 317 1616 360; x_wconf 89' lang='lat' dir='ltr'>humani</span> <span class='ocrx_word' id='word_1_30' title='bbox 1635 317 1912 380; x_wconf 81' lang='lat' dir='ltr'>dispergen-</span> 
     </span>
     <span class='ocr_line' id='line_1_5' title="bbox 113 387 1913 452; baseline 0.002 -20"><span class='ocrx_word' id='word_1_31' title='bbox 113 387 185 433; x_wconf 86' lang='lat' dir='ltr'>dis</span> <span class='ocrx_word' id='word_1_32' title='bbox 206 387 465 434; x_wconf 83' lang='lat' dir='ltr'>salutarem</span> <span class='ocrx_word' id='word_1_33' title='bbox 489 390 728 452; x_wconf 84' lang='lat' dir='ltr'>qvandam</span> <span class='ocrx_word' id='word_1_34' title='bbox 749 392 846 436; x_wconf 87' lang='lat' dir='ltr'>vim</span> <span class='ocrx_word' id='word_1_35' title='bbox 863 389 1043 436; x_wconf 87' lang='lat' dir='ltr'>habere</span> <span class='ocrx_word' id='word_1_36' title='bbox 1070 389 1307 449; x_wconf 85' lang='lat' dir='ltr'>dicitur*).</span> <span class='ocrx_word' id='word_1_37' title='bbox 1377 392 1423 435; x_wconf 94' lang='lat' dir='ltr'>N</span> <span class='ocrx_word' id='word_1_38' title='bbox 1426 407 1543 452; x_wconf 86' lang='lat' dir='ltr'>eqve</span> <span class='ocrx_word' id='word_1_39' title='bbox 1563 392 1613 434; x_wconf 90' lang='lat' dir='ltr'>in</span> <span class='ocrx_word' id='word_1_40' title='bbox 1634 389 1913 436; x_wconf 87' lang='lat' dir='ltr'>Technolo-</span> 
     </span>
     <span class='ocr_line' id='line_1_6' title="bbox 112 464 1911 529; baseline 0.002 -23"><span class='ocrx_word' id='word_1_41' title='bbox 112 464 192 526; x_wconf 85' lang='lat' dir='ltr'>gia</span> <span class='ocrx_word' id='word_1_42' title='bbox 209 480 321 508; x_wconf 87' lang='lat' dir='ltr'>usus</span> <span class='ocrx_word' id='word_1_43' title='bbox 345 466 401 509; x_wconf 88' lang='lat' dir='ltr'>iis</span> <span class='ocrx_word' id='word_1_44' title='bbox 422 464 598 527; x_wconf 85' lang='lat' dir='ltr'>plantis</span> <span class='ocrx_word' id='word_1_45' title='bbox 617 464 897 529; x_wconf 56' lang='lat' dir='ltr'>derogatum</span> <span class='ocrx_word' id='word_1_46' title='bbox 931 464 1196 511; x_wconf 89' lang='lat' dir='ltr'>Chinenses</span> <span class='ocrx_word' id='word_1_47' title='bbox 1217 476 1263 511; x_wconf 88' lang='lat' dir='ltr'>et</span> <span class='ocrx_word' id='word_1_48' title='bbox 1280 467 1306 511; x_wconf 89' lang='lat' dir='ltr'>J</span> <span class='ocrx_word' id='word_1_49' title='bbox 1310 481 1590 528; x_wconf 72' lang='lat' dir='ltr'>apanemes,</span> <span class='ocrx_word' id='word_1_50' title='bbox 1624 476 1677 509; x_wconf 89' lang='lat' dir='ltr'>ut</span> <span class='ocrx_word' id='word_1_51' title='bbox 1699 481 1756 510; x_wconf 85' lang='lat' dir='ltr'>ex</span> <span class='ocrx_word' id='word_1_52' title='bbox 1772 466 1911 510; x_wconf 88' lang='lat' dir='ltr'>itine-</span> 
     </span>
     <span class='ocr_line' id='line_1_7' title="bbox 112 537 1913 602; baseline 0.001 -21"><span class='ocrx_word' id='word_1_53' title='bbox 112 539 248 582; x_wconf 89' lang='lat' dir='ltr'>rariis</span> <span class='ocrx_word' id='word_1_54' title='bbox 268 540 628 585; x_wconf 70' lang='lat' dir='ltr'>Krasenscernit</span> <span class='ocrx_word' id='word_1_55' title='bbox 648 552 694 585; x_wconf 87' lang='lat' dir='ltr'>et</span> <span class='ocrx_word' id='word_1_56' title='bbox 719 540 1033 602; x_wconf 77' lang='lat' dir='ltr'>Langsdorfzi</span> <span class='ocrx_word' id='word_1_57' title='bbox 1053 538 1269 596; x_wconf 84' lang='lat' dir='ltr'>discitur,</span> <span class='ocrx_word' id='word_1_58' title='bbox 1312 557 1370 585; x_wconf 83' lang='lat' dir='ltr'>ex</span> <span class='ocrx_word' id='word_1_59' title='bbox 1393 542 1521 585; x_wconf 87' lang='lat' dir='ltr'>Fuco</span> <span class='ocrx_word' id='word_1_60' title='bbox 1542 540 1772 602; x_wconf 74' lang='lat' dir='ltr'>qvodam,</span> <span class='ocrx_word' id='word_1_61' title='bbox 1813 537 1913 584; x_wconf 87' lang='lat' dir='ltr'>for-</span> 
     </span>
     <span class='ocr_line' id='line_1_8' title="bbox 113 613 1914 676; baseline -0.001 -19"><span class='ocrx_word' id='word_1_62' title='bbox 113 627 201 657; x_wconf 86' lang='lat' dir='ltr'>san</span> <span class='ocrx_word' id='word_1_63' title='bbox 223 623 412 659; x_wconf 66' lang='lat' dir='ltr'>canace,</span> <span class='ocrx_word' id='word_1_64' title='bbox 430 616 672 659; x_wconf 88' lang='lat' dir='ltr'>vernicem</span> <span class='ocrx_word' id='word_1_65' title='bbox 692 631 831 659; x_wconf 88' lang='lat' dir='ltr'>suum</span> <span class='ocrx_word' id='word_1_66' title='bbox 851 613 1294 676; x_wconf 87' lang='lat' dir='ltr'>splendidissimum</span> <span class='ocrx_word' id='word_1_67' title='bbox 1315 630 1486 675; x_wconf 85' lang='lat' dir='ltr'>parare</span> <span class='ocrx_word' id='word_1_68' title='bbox 1506 616 1677 670; x_wconf 84' lang='lat' dir='ltr'>sciunt,</span> <span class='ocrx_word' id='word_1_69' title='bbox 1705 626 1750 659; x_wconf 87' lang='lat' dir='ltr'>et</span> <span class='ocrx_word' id='word_1_70' title='bbox 1770 613 1914 658; x_wconf 89' lang='lat' dir='ltr'>aliam</span> 
     </span>
     <span class='ocr_line' id='line_1_9' title="bbox 115 685 1914 750; baseline 0.001 -21"><span class='ocrx_word' id='word_1_71' title='bbox 115 685 330 746; x_wconf 87' lang='lat' dir='ltr'>ejusdem</span> <span class='ocrx_word' id='word_1_72' title='bbox 352 689 502 732; x_wconf 87' lang='lat' dir='ltr'>tribus</span> <span class='ocrx_word' id='word_1_73' title='bbox 529 690 741 750; x_wconf 82' lang='lat' dir='ltr'>speciem</span> <span class='ocrx_word' id='word_1_74' title='bbox 768 687 961 749; x_wconf 75' lang='lat' dir='ltr'>glutinis</span> <span class='ocrx_word' id='word_1_75' title='bbox 983 688 1094 734; x_wconf 92' lang='grc'>1000</span> <span class='ocrx_word' id='word_1_76' title='bbox 1126 687 1378 743; x_wconf 80' lang='lat' dir='ltr'>adhibent3</span> <span class='ocrx_word' id='word_1_77' title='bbox 1416 687 1822 750; x_wconf 84' lang='lat' dir='ltr'>qvemadmodum</span> <span class='ocrx_word' id='word_1_78' title='bbox 1841 689 1914 731; x_wconf 91' lang='lat' dir='ltr'>in-</span> 
     </span>
     <span class='ocr_line' id='line_1_10' title="bbox 113 761 1916 824; baseline 0 -20"><span class='ocrx_word' id='word_1_79' title='bbox 113 771 186 804; x_wconf 91' lang='lat' dir='ltr'>ter</span> <span class='ocrx_word' id='word_1_80' title='bbox 203 773 389 806; x_wconf 85' lang='lat' dir='ltr'>nostras</span> <span class='ocrx_word' id='word_1_81' title='bbox 403 761 712 806; x_wconf 78' lang='lat' dir='ltr'>Gascridium</span> <span class='ocrx_word' id='word_1_82' title='bbox 723 763 967 824; x_wconf 55' lang='lat' dir='ltr'>filq&#39;f&#39;orme</span> <span class='ocrx_word' id='word_1_83' title='bbox 987 762 1157 808; x_wconf 89' lang='lat' dir='ltr'>eadem</span> <span class='ocrx_word' id='word_1_84' title='bbox 1177 778 1324 807; x_wconf 87' lang='lat' dir='ltr'>causa</span> <span class='ocrx_word' id='word_1_85' title='bbox 1342 764 1585 808; x_wconf 85' lang='lat' dir='ltr'>nominari</span> <span class='ocrx_word' id='word_1_86' title='bbox 1605 773 1831 817; x_wconf 87' lang='lat' dir='ltr'>meretur;</span> <span class='ocrx_word' id='word_1_87' title='bbox 1864 763 1916 805; x_wconf 89' lang='lat' dir='ltr'>in</span> 
     </span>
     <span class='ocr_line' id='line_1_11' title="bbox 116 834 1916 901; baseline 0.001 -23"><span class='ocrx_word' id='word_1_88' title='bbox 116 846 215 879; x_wconf 86' lang='lat' dir='ltr'>arte</span> <span class='ocrx_word' id='word_1_89' title='bbox 238 834 441 897; x_wconf 82' lang='lat' dir='ltr'>deniqve</span> <span class='ocrx_word' id='word_1_90' title='bbox 461 838 688 882; x_wconf 87' lang='lat' dir='ltr'>tinctoria</span> <span class='ocrx_word' id='word_1_91' title='bbox 706 835 949 881; x_wconf 81' lang='lat' dir='ltr'>nonnullae</span> <span class='ocrx_word' id='word_1_92' title='bbox 967 836 1194 901; x_wconf 80' lang='lat' dir='ltr'>Algarum</span> <span class='ocrx_word' id='word_1_93' title='bbox 1212 836 1344 881; x_wconf 86' lang='lat' dir='ltr'>haud</span> <span class='ocrx_word' id='word_1_94' title='bbox 1361 848 1471 882; x_wconf 89' lang='lat' dir='ltr'>sunt</span> <span class='ocrx_word' id='word_1_95' title='bbox 1494 839 1596 882; x_wconf 89' lang='lat' dir='ltr'>sine</span> <span class='ocrx_word' id='word_1_96' title='bbox 1617 838 1800 899; x_wconf 86' lang='lat' dir='ltr'>pretio,</span> <span class='ocrx_word' id='word_1_97' title='bbox 1833 851 1916 880; x_wconf 90' lang='lat' dir='ltr'>eo-</span> 
     </span>
     <span class='ocr_line' id='line_1_12' title="bbox 115 909 1914 972; baseline 0.001 -20"><span class='ocrx_word' id='word_1_98' title='bbox 115 925 204 968; x_wconf 84' lang='lat' dir='ltr'>qve</span> <span class='ocrx_word' id='word_1_99' title='bbox 238 911 435 953; x_wconf 88' lang='lat' dir='ltr'>nomine</span> <span class='ocrx_word' id='word_1_100' title='bbox 468 909 682 970; x_wconf 80' lang='lat' dir='ltr'>qvaedani</span> <span class='ocrx_word' id='word_1_101' title='bbox 719 926 883 954; x_wconf 87' lang='lat' dir='ltr'>earum</span> <span class='ocrx_word' id='word_1_102' title='bbox 910 914 1095 972; x_wconf 85' lang='lat' dir='ltr'>species</span> <span class='ocrx_word' id='word_1_103' title='bbox 1124 911 1219 970; x_wconf 85' lang='lat' dir='ltr'>jam</span> <span class='ocrx_word' id='word_1_104' title='bbox 1256 927 1283 953; x_wconf 86' lang='lat' dir='ltr'>a</span> <span class='ocrx_word' id='word_1_105' title='bbox 1315 909 1645 970; x_wconf 73' lang='lat' dir='ltr'>Theophrasto</span> <span class='ocrx_word' id='word_1_106' title='bbox 1668 909 1914 963; x_wconf 61' lang='lat' dir='ltr'>laudatum</span> 
     </span>
     <span class='ocr_line' id='line_1_13' title="bbox 116 982 1916 1045; baseline 0 -19"><span class='ocrx_word' id='word_1_107' title='bbox 116 982 235 1027; x_wconf 85' lang='lat' dir='ltr'>dicit</span> <span class='ocrx_word' id='word_1_108' title='bbox 258 986 404 1027; x_wconf 89' lang='lat' dir='ltr'>enim:</span> <span class='ocrx_word' id='word_1_109' title='bbox 447 985 663 1045; x_wconf 75' lang='lat' dir='ltr'>Qvercus</span> <span class='ocrx_word' id='word_1_110' title='bbox 686 988 884 1027; x_wconf 79' lang='lat' dir='ltr'>marina</span> <span class='ocrx_word' id='word_1_111' title='bbox 904 982 966 1026; x_wconf 86' lang='lat' dir='ltr'>ad</span> <span class='ocrx_word' id='word_1_112' title='bbox 990 982 1124 1028; x_wconf 89' lang='lat' dir='ltr'>lanas</span> <span class='ocrx_word' id='word_1_113' title='bbox 1149 982 1430 1028; x_wconf 83' lang='lat' dir='ltr'>inficiendas</span> <span class='ocrx_word' id='word_1_114' title='bbox 1455 984 1583 1029; x_wconf 88' lang='lat' dir='ltr'>utilis</span> <span class='ocrx_word' id='word_1_115' title='bbox 1612 995 1682 1029; x_wconf 89' lang='lat' dir='ltr'>est</span> <span class='ocrx_word' id='word_1_116' title='bbox 1704 983 1916 1028; x_wconf 86' lang='lat' dir='ltr'>mulieri-</span> 
     </span>
     <span class='ocr_line' id='line_1_14' title="bbox 114 1056 1915 1119; baseline -0.001 -18"><span class='ocrx_word' id='word_1_117' title='bbox 114 1057 203 1101; x_wconf 87' lang='lat' dir='ltr'>bus</span> <span class='ocrx_word' id='word_1_118' title='bbox 214 1060 297 1115; x_wconf 83' lang='lat'>**);</span> <span class='ocrx_word' id='word_1_119' title='bbox 354 1069 399 1103; x_wconf 84' lang='lat' dir='ltr'>et</span> <span class='ocrx_word' id='word_1_120' title='bbox 429 1069 596 1103; x_wconf 85' lang='lat' dir='ltr'>nostro</span> <span class='ocrx_word' id='word_1_121' title='bbox 630 1056 790 1102; x_wconf 88' lang='lat' dir='ltr'>adhuc</span> <span class='ocrx_word' id='word_1_122' title='bbox 840 1069 1058 1119; x_wconf 83' lang='lat' dir='ltr'>tempore</span> <span class='ocrx_word' id='word_1_123' title='bbox 1097 1060 1366 1103; x_wconf 75' lang='lat' dir='ltr'>Fceroenses</span> <span class='ocrx_word' id='word_1_124' title='bbox 1402 1058 1649 1119; x_wconf 71' lang='lat' dir='ltr'>Halidtyn</span> <span class='ocrx_word' id='word_1_125' title='bbox 1675 1056 1915 1102; x_wconf 80' lang='lat' dir='ltr'>nodosam</span> 
     </span>
     <span class='ocr_line' id='line_1_15' title="bbox 114 1130 1916 1193; baseline -0.002 -18"><span class='ocrx_word' id='word_1_126' title='bbox 114 1148 325 1176; x_wconf 84' lang='lat' dir='ltr'>unacum</span> <span class='ocrx_word' id='word_1_127' title='bbox 351 1131 455 1177; x_wconf 84' lang='lat' dir='ltr'>aliis</span> <span class='ocrx_word' id='word_1_128' title='bbox 474 1132 636 1177; x_wconf 83' lang='lat' dir='ltr'>herbis</span> <span class='ocrx_word' id='word_1_129' title='bbox 658 1134 707 1175; x_wconf 89' lang='lat' dir='ltr'>in</span> <span class='ocrx_word' id='word_1_130' title='bbox 725 1133 899 1193; x_wconf 85' lang='lat' dir='ltr'>pannis</span> <span class='ocrx_word' id='word_1_131' title='bbox 919 1130 1084 1176; x_wconf 85' lang='lat' dir='ltr'>colore</span> <span class='ocrx_word' id='word_1_132' title='bbox 1103 1130 1245 1176; x_wconf 87' lang='lat' dir='ltr'>viridi</span> <span class='ocrx_word' id='word_1_133' title='bbox 1264 1131 1535 1177; x_wconf 88' lang='lat' dir='ltr'>inficiendis</span> <span class='ocrx_word' id='word_1_134' title='bbox 1558 1149 1581 1176; x_wconf 93' lang='lat' dir='ltr'>e</span> <span class='ocrx_word' id='word_1_135' title='bbox 1602 1148 1652 1176; x_wconf 89' lang='lat' dir='ltr'>re</span> <span class='ocrx_word' id='word_1_136' title='bbox 1673 1147 1760 1175; x_wconf 87' lang='lat' dir='ltr'>sua</span> <span class='ocrx_word' id='word_1_137' title='bbox 1779 1145 1916 1174; x_wconf 88' lang='lat' dir='ltr'>usur-</span> 
     </span>
     <span class='ocr_line' id='line_1_16' title="bbox 114 1201 1918 1269; baseline -0.002 -20"><span class='ocrx_word' id='word_1_138' title='bbox 114 1209 350 1267; x_wconf 79' lang='lat' dir='ltr'>pant***);</span> <span class='ocrx_word' id='word_1_139' title='bbox 385 1218 524 1269; x_wconf 86' lang='lat' dir='ltr'>atqve</span> <span class='ocrx_word' id='word_1_140' title='bbox 542 1205 639 1251; x_wconf 86' lang='lat' dir='ltr'>hoc</span> <span class='ocrx_word' id='word_1_141' title='bbox 657 1205 771 1250; x_wconf 93' lang='grc'>1000</span> <span class='ocrx_word' id='word_1_142' title='bbox 792 1221 893 1250; x_wconf 90' lang='lat' dir='ltr'>non</span> <span class='ocrx_word' id='word_1_143' title='bbox 921 1208 1120 1250; x_wconf 87' lang='lat' dir='ltr'>omnino</span> <span class='ocrx_word' id='word_1_144' title='bbox 1157 1204 1544 1268; x_wconf 65' lang='lat' dir='ltr'>praetereundum</span> <span class='ocrx_word' id='word_1_145' title='bbox 1575 1216 1665 1260; x_wconf 82' lang='lat' dir='ltr'>est,</span> <span class='ocrx_word' id='word_1_146' title='bbox 1701 1201 1918 1265; x_wconf 85' lang='lat' dir='ltr'>qvaedam</span> 
     </span>
     <span class='ocr_line' id='line_1_17' title="bbox 116 1278 1918 1343; baseline -0.001 -20"><span class='ocrx_word' id='word_1_147' title='bbox 116 1279 526 1343; x_wconf 82' lang='lat' dir='ltr'>Thalassiophyta</span> <span class='ocrx_word' id='word_1_148' title='bbox 548 1280 609 1324; x_wconf 85' lang='lat' dir='ltr'>ad</span> <span class='ocrx_word' id='word_1_149' title='bbox 630 1279 846 1325; x_wconf 87' lang='lat' dir='ltr'>colorem</span> <span class='ocrx_word' id='word_1_150' title='bbox 870 1278 1014 1325; x_wconf 87' lang='lat' dir='ltr'>faciei</span> <span class='ocrx_word' id='word_1_151' title='bbox 1040 1281 1371 1324; x_wconf 84' lang='lat' dir='ltr'>mentiendum</span> <span class='ocrx_word' id='word_1_152' title='bbox 1400 1296 1427 1323; x_wconf 87' lang='lat' dir='ltr'>a</span> <span class='ocrx_word' id='word_1_153' title='bbox 1455 1278 1736 1324; x_wconf 85' lang='lat' dir='ltr'>mulieribus</span> <span class='ocrx_word' id='word_1_154' title='bbox 1761 1278 1841 1323; x_wconf 90' lang='lat' dir='ltr'>hic</span> <span class='ocrx_word' id='word_1_155' title='bbox 1871 1286 1918 1321; x_wconf 87' lang='lat' dir='ltr'>et</span> 
     </span>
     <span class='ocr_line' id='line_1_18' title="bbox 117 1351 1919 1417; baseline 0 -20"><span class='ocrx_word' id='word_1_156' title='bbox 117 1353 215 1399; x_wconf 86' lang='lat' dir='ltr'>illic</span> <span class='ocrx_word' id='word_1_157' title='bbox 240 1354 480 1410; x_wconf 80' lang='lat' dir='ltr'>adhiberi3</span> <span class='ocrx_word' id='word_1_158' title='bbox 518 1371 661 1417; x_wconf 84' lang='lat' dir='ltr'>qvare</span> <span class='ocrx_word' id='word_1_159' title='bbox 688 1356 833 1399; x_wconf 83' lang='lat' dir='ltr'>etiam</span> <span class='ocrx_word' id='word_1_160' title='bbox 852 1356 1019 1405; x_wconf 67' lang='lat' dir='ltr'>fucus,</span> <span class='ocrx_word' id='word_1_161' title='bbox 1054 1356 1187 1414; x_wconf 86' lang='lat' dir='ltr'>cujus</span> <span class='ocrx_word' id='word_1_162' title='bbox 1205 1354 1307 1399; x_wconf 80' lang='lat' dir='ltr'>haec</span> <span class='ocrx_word' id='word_1_163' title='bbox 1328 1356 1398 1399; x_wconf 88' lang='lat' dir='ltr'>vis</span> <span class='ocrx_word' id='word_1_164' title='bbox 1427 1370 1454 1398; x_wconf 87' lang='lat' dir='ltr'>a</span> <span class='ocrx_word' id='word_1_165' title='bbox 1478 1355 1649 1416; x_wconf 88' lang='lat' dir='ltr'>priscis</span> <span class='ocrx_word' id='word_1_166' title='bbox 1668 1351 1780 1397; x_wconf 90' lang='lat' dir='ltr'>inde</span> <span class='ocrx_word' id='word_1_167' title='bbox 1801 1363 1919 1397; x_wconf 89' lang='lat' dir='ltr'>tem-</span> 
     </span>
     <span class='ocr_line' id='line_1_19' title="bbox 115 1425 1919 1492; baseline -0.001 -20"><span class='ocrx_word' id='word_1_168' title='bbox 115 1429 318 1491; x_wconf 79' lang='lat' dir='ltr'>poribus</span> <span class='ocrx_word' id='word_1_169' title='bbox 341 1441 459 1474; x_wconf 87' lang='lat' dir='ltr'>nota</span> <span class='ocrx_word' id='word_1_170' title='bbox 487 1429 599 1485; x_wconf 77' lang='lat' dir='ltr'>fuit,</span> <span class='ocrx_word' id='word_1_171' title='bbox 638 1441 683 1474; x_wconf 91' lang='lat' dir='ltr'>et</span> <span class='ocrx_word' id='word_1_172' title='bbox 712 1428 927 1491; x_wconf 76' lang='lat' dir='ltr'>plantam</span> <span class='ocrx_word' id='word_1_173' title='bbox 957 1431 1193 1472; x_wconf 83' lang='lat' dir='ltr'>marinam</span> <span class='ocrx_word' id='word_1_174' title='bbox 1221 1440 1267 1473; x_wconf 88' lang='lat' dir='ltr'>et</span> <span class='ocrx_word' id='word_1_175' title='bbox 1290 1430 1611 1492; x_wconf 73' lang='lat' dir='ltr'>pigmentum,</span> <span class='ocrx_word' id='word_1_176' title='bbox 1647 1443 1738 1487; x_wconf 83' lang='lat' dir='ltr'>qvo</span> <span class='ocrx_word' id='word_1_177' title='bbox 1767 1443 1817 1471; x_wconf 92' lang='lat' dir='ltr'>se</span> <span class='ocrx_word' id='word_1_178' title='bbox 1846 1425 1919 1470; x_wconf 81' lang='lat' dir='ltr'>fu-</span> 
     </span>
     <span class='ocr_line' id='line_1_20' title="bbox 119 1501 1918 1565; baseline -0.003 -18"><span class='ocrx_word' id='word_1_179' title='bbox 119 1515 230 1547; x_wconf 86' lang='lat' dir='ltr'>cant</span> <span class='ocrx_word' id='word_1_180' title='bbox 254 1503 496 1560; x_wconf 80' lang='lat' dir='ltr'>mulieres,</span> <span class='ocrx_word' id='word_1_181' title='bbox 536 1502 754 1557; x_wconf 84' lang='lat' dir='ltr'>denotat,</span> <span class='ocrx_word' id='word_1_182' title='bbox 794 1518 822 1546; x_wconf 87' lang='lat' dir='ltr'>a</span> <span class='ocrx_word' id='word_1_183' title='bbox 848 1506 974 1559; x_wconf 67' lang='grc' dir='ltr'><em>φύκος,</em></span> <span class='ocrx_word' id='word_1_184' title='bbox 1005 1503 1168 1565; x_wconf 75' lang='lat' dir='ltr'>Alga,</span> <span class='ocrx_word' id='word_1_185' title='bbox 1199 1519 1379 1547; x_wconf 87' lang='lat' dir='ltr'>nomen</span> <span class='ocrx_word' id='word_1_186' title='bbox 1411 1501 1626 1555; x_wconf 83' lang='lat' dir='ltr'>trahens;</span> <span class='ocrx_word' id='word_1_187' title='bbox 1662 1502 1918 1545; x_wconf 73' lang='lat' dir='ltr'>Gmellmcs</span> 
     </span>
     <span class='ocr_line' id='line_1_21' title="bbox 117 1573 1916 1639; baseline -0.002 -19"><span class='ocrx_word' id='word_1_188' title='bbox 117 1577 259 1622; x_wconf 90' lang='lat' dir='ltr'>nobis</span> <span class='ocrx_word' id='word_1_189' title='bbox 282 1589 451 1623; x_wconf 82' lang='lat' dir='ltr'>auctor</span> <span class='ocrx_word' id='word_1_190' title='bbox 471 1589 562 1633; x_wconf 83' lang='lat' dir='ltr'>est,</span> <span class='ocrx_word' id='word_1_191' title='bbox 595 1575 781 1639; x_wconf 83' lang='lat' dir='ltr'>puellas</span> <span class='ocrx_word' id='word_1_192' title='bbox 804 1576 1218 1621; x_wconf 80' lang='lat' dir='ltr'>Kamtschatkicas</span> <span class='ocrx_word' id='word_1_193' title='bbox 1238 1576 1311 1620; x_wconf 87' lang='lat' dir='ltr'>his</span> <span class='ocrx_word' id='word_1_194' title='bbox 1337 1575 1513 1638; x_wconf 84' lang='lat' dir='ltr'>plantis</span> <span class='ocrx_word' id='word_1_195' title='bbox 1532 1574 1707 1619; x_wconf 83' lang='lat' dir='ltr'>faciem</span> <span class='ocrx_word' id='word_1_196' title='bbox 1728 1573 1916 1627; x_wconf 79' lang='lat' dir='ltr'>fricare,</span> 
     </span>
     <span class='ocr_line' id='line_1_22' title="bbox 120 1646 1919 1712; baseline -0.003 -18"><span class='ocrx_word' id='word_1_197' title='bbox 120 1666 220 1710; x_wconf 78' lang='lat' dir='ltr'>qvae</span> <span class='ocrx_word' id='word_1_198' title='bbox 241 1650 354 1697; x_wconf 87' lang='lat' dir='ltr'>inde</span> <span class='ocrx_word' id='word_1_199' title='bbox 377 1653 642 1697; x_wconf 85' lang='lat' dir='ltr'>ruberrima</span> <span class='ocrx_word' id='word_1_200' title='bbox 661 1650 735 1706; x_wconf 78' lang='lat' dir='ltr'>fit,</span> <span class='ocrx_word' id='word_1_201' title='bbox 768 1652 975 1712; x_wconf 85' lang='lat' dir='ltr'>itemqve</span> <span class='ocrx_word' id='word_1_202' title='bbox 992 1650 1228 1695; x_wconf 84' lang='lat' dir='ltr'>foeminas</span> <span class='ocrx_word' id='word_1_203' title='bbox 1258 1649 1318 1695; x_wconf 80' lang='lat' dir='ltr'>acl</span> <span class='ocrx_word' id='word_1_204' title='bbox 1339 1652 1481 1694; x_wconf 85' lang='lat' dir='ltr'>maris</span> <span class='ocrx_word' id='word_1_205' title='bbox 1509 1650 1730 1710; x_wconf 61' lang='lat' dir='ltr'>Europaei</span> <span class='ocrx_word' id='word_1_206' title='bbox 1755 1646 1919 1691; x_wconf 82' lang='lat' dir='ltr'>littora</span> 
     </span>
     <span class='ocr_line' id='line_1_23' title="bbox 117 1719 1919 1788; baseline -0.003 -19"><span class='ocrx_word' id='word_1_207' title='bbox 117 1723 390 1771; x_wconf 85' lang='lat' dir='ltr'>habitantes</span> <span class='ocrx_word' id='word_1_208' title='bbox 405 1762 415 1782; x_wconf 83' lang='lat'>‚</span> <span class='ocrx_word' id='word_1_209' title='bbox 446 1724 914 1788; x_wconf 80' lang='lat' dir='ltr'>pulchritudinisqve</span> <span class='ocrx_word' id='word_1_210' title='bbox 934 1741 1035 1769; x_wconf 89' lang='lat' dir='ltr'>non</span> <span class='ocrx_word' id='word_1_211' title='bbox 1054 1727 1210 1769; x_wconf 87' lang='lat' dir='ltr'>minus</span> <span class='ocrx_word' id='word_1_212' title='bbox 1234 1723 1488 1780; x_wconf 77' lang='lat' dir='ltr'>studiosas,</span> <span class='ocrx_word' id='word_1_213' title='bbox 1525 1721 1770 1767; x_wconf 84' lang='lat' dir='ltr'>levidense</span> <span class='ocrx_word' id='word_1_214' title='bbox 1789 1719 1919 1764; x_wconf 85' lang='lat' dir='ltr'>idem</span> 
     </span>
     <span class='ocr_line' id='line_1_24' title="bbox 120 1793 1920 1856; baseline -0.003 -14"><span class='ocrx_word' id='word_1_215' title='bbox 120 1799 376 1844; x_wconf 85' lang='lat' dir='ltr'>artificium</span> <span class='ocrx_word' id='word_1_216' title='bbox 402 1817 501 1844; x_wconf 88' lang='lat' dir='ltr'>non</span> <span class='ocrx_word' id='word_1_217' title='bbox 529 1802 884 1856; x_wconf 67' lang='lat' dir='ltr'>i0110rare.****)</span> <span class='ocrx_word' id='word_1_218' title='bbox 952 1801 1226 1854; x_wconf 82' lang='lat' dir='ltr'>Postremo⁷</span> <span class='ocrx_word' id='word_1_219' title='bbox 1257 1810 1310 1842; x_wconf 86' lang='lat' dir='ltr'>ut</span> <span class='ocrx_word' id='word_1_220' title='bbox 1331 1797 1509 1842; x_wconf 86' lang='lat' dir='ltr'>formas</span> <span class='ocrx_word' id='word_1_221' title='bbox 1531 1796 1702 1841; x_wconf 85' lang='lat' dir='ltr'>harum</span> <span class='ocrx_word' id='word_1_222' title='bbox 1731 1793 1920 1856; x_wconf 82' lang='lat' dir='ltr'>planta-</span> 
     </span>
    </p>
   </div>
   <div class='ocr_carea' id='block_1_3' title="bbox 119 1836 1918 1935">
    <p class='ocr_par' dir='ltr' id='par_1_3' title="bbox 119 1836 1918 1935">
     <span class='ocr_line' id='line_1_25' title="bbox 548 1836 575 1864; baseline 0 0"><span class='ocrx_word' id='word_1_223' title='bbox 548 1836 575 1864; x_wconf 67' lang='lat' dir='ltr'>o</span> 
     </span>
     <span class='ocr_line' id='line_1_26' title="bbox 119 1867 1918 1935; baseline -0.002 -20"><span class='ocrx_word' id='word_1_224' title='bbox 119 1888 226 1916; x_wconf 86' lang='lat' dir='ltr'>rum</span> <span class='ocrx_word' id='word_1_225' title='bbox 251 1873 599 1934; x_wconf 84' lang='lat' dir='ltr'>pulcherrimas</span> <span class='ocrx_word' id='word_1_226' title='bbox 633 1872 916 1935; x_wconf 83' lang='lat' dir='ltr'>coloresqve</span> <span class='ocrx_word' id='word_1_227' title='bbox 953 1872 1290 1929; x_wconf 85' lang='lat' dir='ltr'>nitidissimos,</span> <span class='ocrx_word' id='word_1_228' title='bbox 1345 1871 1513 1934; x_wconf 85' lang='lat' dir='ltr'>qvibus</span> <span class='ocrx_word' id='word_1_229' title='bbox 1547 1871 1819 1931; x_wconf 85' lang='lat' dir='ltr'>conspectis</span> <span class='ocrx_word' id='word_1_230' title='bbox 1857 1867 1918 1912; x_wconf 85' lang='lat' dir='ltr'>ad</span> 
     </span>
    </p>
   </div>
   <div class='ocr_carea' id='block_1_4' title="bbox 143 2044 1917 2393">
    <p class='ocr_par' dir='ltr' id='par_1_4' title="bbox 143 2044 1917 2393">
     <span class='ocr_line' id='line_1_27' title="bbox 253 2044 1917 2094; baseline -0.004 -14"><span class='ocrx_word' id='word_1_231' title='bbox 253 2048 399 2088; x_wconf 70' lang='lat' dir='ltr'>ejusdem</span> <span class='ocrx_word' id='word_1_232' title='bbox 420 2062 505 2081; x_wconf 85' lang='lat' dir='ltr'>usus.</span> <span class='ocrx_word' id='word_1_233' title='bbox 556 2048 722 2080; x_wconf 55' lang='lat' dir='ltr'>Nicander</span> <span class='ocrx_word' id='word_1_234' title='bbox 739 2062 774 2081; x_wconf 82' lang='lat' dir='ltr'>ca</span> <span class='ocrx_word' id='word_1_235' title='bbox 790 2058 820 2081; x_wconf 80' lang='lat' dir='ltr'>ct</span> <span class='ocrx_word' id='word_1_236' title='bbox 838 2049 1176 2094; x_wconf 75' lang='lat' dir='ltr'>adversusserpentes</span> <span class='ocrx_word' id='word_1_237' title='bbox 1194 2050 1227 2080; x_wconf 88' lang='lat' dir='ltr'>iu</span> <span class='ocrx_word' id='word_1_238' title='bbox 1247 2049 1323 2081; x_wconf 76' lang='lat' dir='ltr'>vino</span> <span class='ocrx_word' id='word_1_239' title='bbox 1340 2047 1440 2080; x_wconf 78' lang='lat' dir='ltr'>dedit.</span> <span class='ocrx_word' id='word_1_240' title='bbox 1488 2045 1583 2078; x_wconf 80' lang='lat' dir='ltr'>Plill.</span> <span class='ocrx_word' id='word_1_241' title='bbox 1601 2047 1684 2078; x_wconf 86' lang='lat' dir='ltr'>Hist.</span> <span class='ocrx_word' id='word_1_242' title='bbox 1703 2054 1768 2077; x_wconf 81' lang='lat' dir='ltr'>nat.</span> <span class='ocrx_word' id='word_1_243' title='bbox 1783 2044 1917 2079; x_wconf 77' lang='lat' dir='ltr'>Lib.26.</span> 
     </span>
     <span class='ocr_line' id='line_1_28' title="bbox 260 2108 384 2146; baseline 0 -13"><span class='ocrx_word' id='word_1_244' title='bbox 260 2115 332 2146; x_wconf 70' lang='lat' dir='ltr'>cap.</span> <span class='ocrx_word' id='word_1_245' title='bbox 354 2108 384 2135; x_wconf 69' lang='lat' dir='ltr'>S.</span> 
     </span>
     <span class='ocr_line' id='line_1_29' title="bbox 172 2161 1917 2209; baseline -0.003 -12"><span class='ocrx_word' id='word_1_246' title='bbox 172 2168 203 2205; x_wconf 78' lang='lat'>*)</span> <span class='ocrx_word' id='word_1_247' title='bbox 255 2167 431 2198; x_wconf 55' lang='lat' dir='ltr'>Ram-lias</span> <span class='ocrx_word' id='word_1_248' title='bbox 450 2166 668 2197; x_wconf 74' lang='lat' dir='ltr'>Dissertation</span> <span class='ocrx_word' id='word_1_249' title='bbox 687 2167 889 2207; x_wconf 80' lang='lat' dir='ltr'>concerning</span> <span class='ocrx_word' id='word_1_250' title='bbox 909 2166 963 2198; x_wconf 70' lang='lat' dir='ltr'>tho</span> <span class='ocrx_word' id='word_1_251' title='bbox 983 2179 1038 2198; x_wconf 81' lang='lat' dir='ltr'>use</span> <span class='ocrx_word' id='word_1_252' title='bbox 1057 2166 1096 2199; x_wconf 83' lang='lat' dir='ltr'>os</span> <span class='ocrx_word' id='word_1_253' title='bbox 1110 2167 1272 2199; x_wconf 76' lang='lat' dir='ltr'>Scawatcr</span> <span class='ocrx_word' id='word_1_254' title='bbox 1295 2177 1327 2209; x_wconf 89' lang='lat' dir='ltr'>p.</span> <span class='ocrx_word' id='word_1_255' title='bbox 1348 2167 1418 2199; x_wconf 79' lang='lat'><strong>216.</strong></span> <span class='ocrx_word' id='word_1_256' title='bbox 1446 2173 1477 2195; x_wconf 84' lang='lat' dir='ltr'>ct</span> <span class='ocrx_word' id='word_1_257' title='bbox 1495 2164 1633 2195; x_wconf 75' lang='lat' dir='ltr'>Basteri</span> <span class='ocrx_word' id='word_1_258' title='bbox 1648 2164 1772 2207; x_wconf 86' lang='lat' dir='ltr'>Opusc.</span> <span class='ocrx_word' id='word_1_259' title='bbox 1791 2161 1917 2194; x_wconf 87' lang='lat' dir='ltr'>subscc.</span> 
     </span>
     <span class='ocr_line' id='line_1_30' title="bbox 258 2220 557 2263; baseline -0.003 -12"><span class='ocrx_word' id='word_1_260' title='bbox 258 2221 354 2251; x_wconf 77' lang='lat' dir='ltr'>Tom.</span> <span class='ocrx_word' id='word_1_261' title='bbox 375 2220 414 2250; x_wconf 88' lang='lat' dir='ltr'>lI.</span> <span class='ocrx_word' id='word_1_262' title='bbox 432 2232 465 2263; x_wconf 80' lang='lat' dir='ltr'>p.</span> <span class='ocrx_word' id='word_1_263' title='bbox 487 2226 557 2253; x_wconf 72' lang='lat'>121.</span> 
     </span>
     <span class='ocr_line' id='line_1_31' title="bbox 157 2280 1783 2331; baseline -0.007 -10"><span class='ocrx_word' id='word_1_264' title='bbox 157 2284 203 2323; x_wconf 80' lang='lat'>**)</span> <span class='ocrx_word' id='word_1_265' title='bbox 253 2289 397 2331; x_wconf 62' lang='grc' dir='ltr'>Χρήσιμος</span> <span class='ocrx_word' id='word_1_266' title='bbox 413 2286 441 2318; x_wconf 72' lang='grc' dir='ltr'>δὲ</span> <span class='ocrx_word' id='word_1_267' title='bbox 459 2287 474 2322; x_wconf 72' lang='grc' dir='ltr'><em>ἦ</em></span> <span class='ocrx_word' id='word_1_268' title='bbox 491 2286 554 2330; x_wconf 68' lang='grc' dir='ltr'>δρῦς</span> <span class='ocrx_word' id='word_1_269' title='bbox 574 2286 612 2321; x_wconf 75' lang='grc' dir='ltr'>εἷς</span> <span class='ocrx_word' id='word_1_270' title='bbox 628 2285 734 2326; x_wconf 57' lang='grc' dir='ltr'><em>βαφὴν</em></span> <span class='ocrx_word' id='word_1_271' title='bbox 752 2286 829 2329; x_wconf 75' lang='grc' dir='ltr'><em>ἐρίων</em></span> <span class='ocrx_word' id='word_1_272' title='bbox 844 2287 910 2322; x_wconf 58' lang='lat' dir='ltr'>‘riis</span> <span class='ocrx_word' id='word_1_273' title='bbox 928 2286 1068 2324; x_wconf 67' lang='grc' dir='ltr'><em>γυναιξίν.</em></span> <span class='ocrx_word' id='word_1_274' title='bbox 1108 2282 1275 2325; x_wconf 70' lang='grc' dir='ltr'>ΤΙιείψΙιν.</span> <span class='ocrx_word' id='word_1_275' title='bbox 1297 2282 1378 2314; x_wconf 70' lang='lat' dir='ltr'>llist.</span> <span class='ocrx_word' id='word_1_276' title='bbox 1398 2280 1500 2325; x_wconf 79' lang='lat' dir='ltr'>plant.</span> <span class='ocrx_word' id='word_1_277' title='bbox 1525 2280 1597 2312; x_wconf 87' lang='lat' dir='ltr'>Lib.</span> <span class='ocrx_word' id='word_1_278' title='bbox 1617 2283 1647 2316; x_wconf 82' lang='grc'>4.</span> <span class='ocrx_word' id='word_1_279' title='bbox 1666 2292 1736 2325; x_wconf 82' lang='lat' dir='ltr'>cap.</span> <span class='ocrx_word' id='word_1_280' title='bbox 1753 2284 1783 2314; x_wconf 77' lang='grc'>’7.</span> 
     </span>
     <span class='ocr_line' id='line_1_32' title="bbox 143 2347 886 2393; baseline -0.001 -13"><span class='ocrx_word' id='word_1_281' title='bbox 143 2352 206 2389; x_wconf 75' lang='lat'><strong>***)</strong></span> <span class='ocrx_word' id='word_1_282' title='bbox 256 2349 371 2380; x_wconf 70' lang='lat' dir='ltr'>chsnlt</span> <span class='ocrx_word' id='word_1_283' title='bbox 391 2347 533 2379; x_wconf 74' lang='lat' dir='ltr'>Bcskriv.</span> <span class='ocrx_word' id='word_1_284' title='bbox 559 2360 637 2379; x_wconf 68' lang='lat' dir='ltr'>over</span> <span class='ocrx_word' id='word_1_285' title='bbox 657 2348 740 2379; x_wconf 53' lang='lat' dir='ltr'>Fafr.</span> <span class='ocrx_word' id='word_1_286' title='bbox 766 2361 799 2393; x_wconf 77' lang='lat' dir='ltr'>p.</span> <span class='ocrx_word' id='word_1_287' title='bbox 815 2354 886 2384; x_wconf 76' lang='lat'>227.</span> 
     </span>
    </p>
   </div>
   <div class='ocr_carea' id='block_1_5' title="bbox 126 2412 670 2457">
    <p class='ocr_par' dir='ltr' id='par_1_5' title="bbox 126 2412 670 2457">
     <span class='ocr_line' id='line_1_33' title="bbox 126 2412 670 2457; baseline -0.004 -12"><span class='ocrx_word' id='word_1_288' title='bbox 126 2414 206 2453; x_wconf 71' lang='lat'>****)</span> <span class='ocrx_word' id='word_1_289' title='bbox 258 2413 368 2445; x_wconf 76' lang='lat' dir='ltr'>Gmel.</span> <span class='ocrx_word' id='word_1_290' title='bbox 387 2413 469 2444; x_wconf 82' lang='lat' dir='ltr'>llist.</span> <span class='ocrx_word' id='word_1_291' title='bbox 490 2412 569 2445; x_wconf 82' lang='lat' dir='ltr'>Fue.</span> <span class='ocrx_word' id='word_1_292' title='bbox 590 2425 624 2457; x_wconf 83' lang='lat' dir='ltr'>p.</span> <span class='ocrx_word' id='word_1_293' title='bbox 640 2417 670 2448; x_wconf 88' lang='lat'>5.</span> 
     </span>
    </p>
   </div>
  </div>
 </body>
</html>
