1990 2793
814 110 1090 147 PRAEFATIO.
1708 125 1806 150 xvix

53 219 281 282 impedit,
316 232 408 281 qvo
430 218 587 262 minus
611 216 782 261 divisio
803 217 1048 278 persistat;
1085 230 1199 260 nam
1232 230 1258 259 a
1275 225 1414 278 parte
1439 217 1622 277 potiori
1645 215 1748 262 fieri
1778 217 1859 264 de-

51 296 136 339 bet
165 294 497 339 denominatio
532 303 578 337 et
605 293 720 336 item
743 289 1033 335 distributio.
1101 292 1285 334 Natura
1310 288 1496 334 nullum
1522 289 1638 336 facit
1669 293 1856 350 saltum,

54 368 279 414 dixerunt
306 379 490 413 veteres
523 376 568 410 et
594 367 645 408 in
677 363 904 428 adagium
932 364 1071 419 abiit;
1120 364 1379 409 harmonia
1410 363 1603 426 qvidem
1636 367 1779 410 etiam
1808 369 1860 411 in

57 444 286 506 operibus
315 453 494 485 naturae
525 455 627 484 esse
654 437 954 501 intelligitur,
1010 455 1161 500 eaqve
1187 437 1472 483 admiranda
1507 451 1646 501 atqve
1672 438 1858 495 divina3

54 519 280 563 transitus
300 531 423 578 saepe
441 514 615 559 dantur
632 512 873 558 manifesti
892 530 994 558 non
1013 513 1171 558 solum
1197 515 1321 558 inter
1349 514 1456 576 ipsa
1482 530 1630 578 regna
1663 525 1857 571 naturae,

55 591 141 638 sed
169 593 311 636 etiam
340 591 464 635 inter
495 587 726 651 qvasdam
752 587 946 644 classes,
982 602 1160 650 genera
1190 599 1236 633 et
1262 589 1471 650 species;
1518 599 1728 633 attamen
1756 604 1859 633 non

55 666 234 727 ubiqve
264 665 488 709 transitus
517 665 595 708 isti
624 661 776 708 oculis
807 662 1168 707 observantium
1200 661 1488 718 offeruntur3
1541 678 1684 724 qvare
1715 664 1860 707 etiam

55 738 270 803 singulos
294 740 345 782 in
365 750 545 784 naturae
573 753 749 801 magna
778 752 927 798 eat-[ve
956 748 1009 781 ut
1035 737 1269 781 continua
1299 735 1558 782 decantata
1592 747 1763 782 catena
1789 738 1861 780 in-

56 813 232 878 dagare
252 812 502 869 articulos,
539 811 636 857 hoc
657 827 803 872 opus,
840 811 921 856 hic
942 810 1082 856 labor
1093 828 1104 866 ;
1143 826 1346 872 qvorum
1371 827 1535 857 veram
1568 822 1862 856 concatena-

54 891 239 934 tionem
259 899 312 933 ut
333 888 699 950 investigarent,
731 885 893 948 plures
922 884 1157 930 sudarunt
1180 884 1375 942 eruditi,
1415 897 1462 930 at
1489 896 1605 930 vota
1631 901 1862 947 spemqve

53 967 273 1027 ipsorum
294 961 609 1006 nihilominus
628 961 876 1021 hucusqve
895 958 1064 1004 fefellit
1081 970 1293 1004 eventus.
1371 961 1490 1020 Qvae
1519 976 1628 1004 cum
1656 962 1723 1004 ita
1749 961 1859 1015 sint,
1882 998 1885 1003 s

58 1038 431 1092 delineationes,
471 1050 621 1097 opera
642 1045 822 1078 naturae
842 1033 1033 1093 objecta
1051 1044 1473 1095 rep1·aesentante8,
1504 1034 1590 1078 ubi
1620 1034 1769 1079 verba
1800 1031 1862 1077 ad

57 1129 179 1168 rem,
219 1110 277 1155 de
298 1126 388 1172 qva
407 1112 583 1173 agitur,
622 1106 986 1169 exprimendam
1004 1118 1118 1162 apta
1147 1106 1501 1164 desiderantur,
1536 1119 1582 1152 et
1605 1109 1691 1152 ubi
1722 1118 1863 1151 natu-

55 1201 109 1229 ra
124 1183 450 1246 polymorpha
467 1186 797 1245 systematicos
815 1183 866 1224 in
884 1183 1026 1226 tricas
1046 1181 1246 1241 conjicit
1274 1192 1356 1226 aut
1387 1180 1449 1225 ad
1473 1183 1646 1227 incitas
1671 1181 1860 1245 redigit,

56 1260 214 1305 vicem
231 1257 489 1303 verborum
511 1267 700 1320 gerunt,
740 1254 1042 1317 defectuiqve
1063 1257 1330 1318 systematis
1350 1259 1604 1300 medentur
1613 1274 1624 1312 3
1663 1272 1863 1318 qvarum

58 1335 203 1379 etiam
229 1331 486 1397 utilitatem
514 1334 618 1394 ipse
644 1331 767 1376 bene
798 1331 1099 1393 perspiciens
1130 1346 1231 1374 non
1261 1331 1328 1374 ita
1354 1346 1536 1392 paucas
1569 1341 1862 1391 cunctasqve

58 1407 120 1452 ad
136 1418 356 1452 naturam
379 1405 740 1469 diligentissime
762 1404 850 1449 sub
874 1404 1003 1450 lente
1027 1407 1233 1449 exaravi.
1303 1407 1457 1466 Atqve
1482 1404 1575 1450 hac
1601 1406 1863 1450 occasione

60 1484 279 1529 omittere
306 1497 407 1525 non
429 1497 629 1543 possum
654 1491 808 1543 grates
838 1495 968 1524 meas
995 1495 1134 1541 agere
1159 1480 1278 1523 Viro
1316 1478 1718 1524 excellentissimo
1749 1477 1859 1523 Jolz.

57 1557 299 1607 Bz‘zlowio,
337 1557 552 1600 Domino
576 1552 994 1617 Sanderumga'ard
1012 1554 1211 1608 Fioniae,
1259 1554 1392 1612 cujus
1419 1555 1648 1615 impensis
1682 1554 1863 1598 exerci-

59 1632 267 1674 tationes
290 1631 399 1674 artis
425 1628 749 1675 delineatoriae
768 1630 817 1671 in
837 1627 980 1672 horto
1004 1627 1236 1672 botanico
1259 1625 1513 1672 Hafniensi
1532 1629 1860 1684 instituuntur,

61 1702 231 1765 qvibus
252 1703 484 1748 elementa
501 1703 642 1764 hujus
663 1704 774 1747 artis
802 1701 996 1747 edoceri
1015 1703 1215 1764 cupiens
1243 1700 1450 1746 subinde
1472 1701 1679 1747 interfui.
1752 1700 1861 1746 Illas

59 1793 174 1822 vero
199 1775 544 1820 delineationes
563 1778 650 1821 sub
671 1793 780 1821 mea
803 1779 954 1838 ipsius
975 1778 1280 1838 inspectione
1303 1777 1381 1819 aeri
1407 1774 1467 1819 ad
1494 1777 1721 1820 amussim
1741 1777 1863 1820 inci-

59 1850 131 1895 dit
152 1852 207 1895 O.
234 1851 289 1895 O.
310 1852 505 1912 Bagge,
541 1849 938 1911 Chalcograplius
959 1849 1256 1907 Hafniensis,
1294 1866 1395 1894 non
1417 1848 1574 1894 solum
1600 1850 1662 1894 ob
1696 1861 1857 1905 artem,

61 1941 203 1987 qvam
227 1935 421 1968 strenua
445 1939 575 1968 nunc
599 1934 644 1968 et
663 1922 794 1968 felici
813 1939 961 1968 manu
991 1935 1200 1980 exercet,
1258 1922 1345 1968 sed
1384 1925 1528 1968 etiam
1570 1924 1632 1968 ob
1662 1922 1859 1981 litteras,

61 1998 232 2061 qvibus
255 1996 371 2042 olim
386 1999 594 2054 vacavit,
631 1996 1011 2052 laudatissimus;
1049 1999 1099 2041 in
1120 1998 1289 2059 qvibus
1311 2001 1389 2041 aeri
1409 1997 1704 2054 incidendis,
1741 2009 1794 2043 ut
1810 2000 1862 2042 in

58 2071 259 2118 Tabulis
279 2071 451 2117 eodem
470 2070 660 2128 ordine,
696 2088 788 2133 qvo
815 2073 866 2115 in
895 2088 1041 2133 opere
1071 2083 1351 2127 occurrunt,
1393 2071 1494 2116 aliae
1522 2072 1660 2129 alias,
1701 2072 1861 2134 qvoad

62 2147 161 2207 ejus
187 2147 289 2191 fieri
313 2157 498 2207 posset,
545 2148 842 2208 exciperent,
891 2160 1091 2207 operam
1121 2145 1253 2201 dedi3
1303 2146 1386 2191 tali
1413 2149 1542 2192 enim
1575 2146 1862 2192 delineatio-

59 2237 175 2265 num
193 2221 313 2264 serie
335 2231 650 2280 conspectum
668 2219 936 2264 faciliorem
954 2218 1090 2264 reddi
1108 2221 1398 2276 existimavi,
1435 2237 1691 2282 earumqve
1722 2220 1860 2282 plan-

59 2306 216 2340 tarum
240 2291 489 2338 affinitates
509 2305 554 2337 et
579 2292 989 2338 dissimilitudines
1007 2293 1176 2338 melius
1200 2305 1309 2338 ante
1332 2294 1500 2340 oculos
1516 2299 1650 2357 poni.

198 2365 341 2410 Haud
360 2382 468 2411 raro
496 2367 696 2423 accidit,
733 2379 785 2412 ut
801 2367 1066 2412 litterarum
1088 2366 1230 2412 rudes
1254 2366 1428 2430 aliiqve
1459 2369 1700 2414 interdum
1728 2367 1854 2423 talia,

67 2460 166 2505 qvae
187 2442 315 2487 circa
334 2439 648 2501 plantasstam
676 2444 884 2488 minutas
921 2454 968 2488 et
993 2441 1092 2487 fere
1119 2452 1384 2489 contemtas
1409 2455 1679 2500 versantur,
1713 2458 1859 2487 cona-

1391 2528 1456 2568 (C)
