1990 2793
473 112 647 149 SEc'rio
675 100 843 148 PRIMA.
896 112 1180 151 CHONDRUS.
1530 123 1575 158 17

26 221 179 269 Habitat
202 222 244 257 in
262 232 396 257 oceano
414 221 636 270 Norvegico,
660 223 872 258 sznerus.

67 294 193 327 DESC.
240 293 345 326 Radix
361 293 462 326 callus
479 295 596 326 tenuis.
644 293 752 337 Stipes
769 293 897 332 brevis',
924 293 1012 325 infra
1029 302 1130 334 teres,
1154 307 1231 328 mox
1246 305 1472 340 compressus,
1497 293 1628 339 planus.

159 346 311 380 Frondes
335 356 530 389 aggregatae,
564 358 716 385 enerves,
752 355 817 378 tres
839 346 970 377 circiter
992 346 1130 391 pollices
1152 348 1277 390 longae,
1311 347 1432 381 lineam
1450 347 1540 387 latae,
1566 361 1628 393 per

159 400 378 433 dichotomias
394 400 518 445 pluries
532 399 686 444 repetitas
703 399 834 439 divisae3
861 398 972 440 anguli
989 402 1084 432 acuti.
1129 402 1222 435 Rami
1236 410 1401 446 patentes,
1431 400 1628 446 plerumqve

157 454 324 499 spiraliter
341 454 501 492 contorti,
528 453 620 498 apice
635 452 806 485 rotundati
820 451 872 485 vel
894 452 1000 484 bifidi.
1054 455 1170 495 Margo
1195 455 1436 496 integerrimus.
1485 455 1627 487 Fructus

158 507 348 540 Tubercula
362 506 612 552 hemisphaerica
633 506 764 551 utriqve
780 506 909 539 frondis
933 507 1060 551 paginae
1078 508 1252 540 insidentia
1268 517 1300 540 et
1323 520 1340 540 c
1363 507 1454 540 fibris
1470 507 1627 540 articula-

158 561 198 592 tis
224 560 415 593 constantia.
468 559 571 592 Color
595 560 807 602 sangvineus,
848 571 993 605 superne
1017 573 1142 594 roseus.
1193 562 1381 595 Substantia
1406 560 1626 603 cartilaginea,

156 612 263 652 lenta,
299 621 404 644 tenax.

71 677 162 711 OBS.=
210 676 360 709 Plantam
374 677 529 709 Gumzeri
542 690 611 710 esse
627 678 780 717 eandem,
811 689 910 722 qvam
924 678 1100 723 descripsit
1120 680 1311 720 Tamen-zm,
1335 692 1404 713 non
1426 688 1517 712 certo
1543 691 1626 711 con·

155 739 228 764 stat.
278 730 372 770 Sunt,
392 731 448 775 qvi
463 732 616 771 credant,
642 732 728 763 Fac.
745 743 838 763 norv.
855 731 968 763 Gmm.
987 744 1054 764 esse
1070 732 1171 765 modo
1187 733 1340 765 Chondri
1355 734 1461 777 crispi
1475 732 1627 766 Varieta-

157 792 239 824 tem,
267 785 319 816 cui
335 793 442 816 tamen
459 785 626 829 opinioni,
658 784 892 829 speciminibus
912 786 1082 830 utriusqvc
1106 785 1251 826 collatis,
1277 786 1369 818 haud
1384 786 1554 819 assentior.

99 891 133 926 3.
188 883 249 920 Ch.
278 884 446 931 Bangii5
481 884 612 920 fronde
636 885 761 932 plana,
787 898 931 921 ramosa
941 900 951 932 3
991 888 1103 922 ramis
1132 887 1431 939 sublanceolati35
1459 887 1624 932 margine
1675 886 1769 923 Tab·
1791 893 1826 928 3,

23 953 404 1000 crispo-lacinulatis;
436 954 601 989 lacinulis
624 955 781 998 obtusis,
815 955 985 1003 furcatis3
1018 956 1216 991 tuberculis
1237 956 1480 1005 subglobosis,
1502 955 1626 991 frondi

24 1023 168 1057 innatis.

157 1097 246 1122 fucus
260 1095 368 1130 Bangii
388 1095 425 1122 Fl.
450 1094 477 1120 d.
498 1095 533 1122 T.
557 1103 633 1131 1477.

156 1147 376 1182 sphoerococcus
392 1148 500 1182 Bangz'i
517 1148 564 1182 Ag.
586 1148 649 1181 Syn.
670 1157 697 1183 p.
719 1156 762 1183 24·

72 1228 117 1277 β)
145 1227 289 1263 tenuior
297 1240 310 1274 ,·
337 1229 468 1265 fronde
484 1232 754 1278 angustissima,
775 1230 835 1266 hic
858 1229 932 1266 illic
959 1231 1126 1278 dilatata,
1147 1234 1312 1281 margine
1336 1230 1623 1278 crispo-lacinuff

124 1298 209 1333 lata.

22 1385 176 1422 Habitat
192 1389 237 1423 ad
253 1387 354 1422 littus
373 1387 646 1435 Hofmansgave
660 1389 818 1435 Fioniae‚
840 1390 904 1424 ubi
931 1390 1004 1425 Cel.
1025 1389 1233 1435 Hofmamz
1253 1390 1389 1436 Bang,
1419 1388 1521 1434 cujus
1552 1386 1624 1421 fert

23 1466 175 1500 nomen,
219 1456 312 1491 hane
338 1457 529 1502 pulchram
558 1460 717 1503 speciem
740 1460 879 1504 primus
905 1460 1052 1493 detexit.
1122 1460 1245 1493 Etiam
1275 1458 1321 1492 ad
1340 1456 1442 1492 littus
1471 1455 1625 1491 AEbelb’e

21 1533 136 1570 prope
153 1525 183 1558 F
184 1525 329 1560 ioniam.
352 1543 404 1552 -—-
429 1525 654 1562 varietatem
681 1528 727 1562 ad
743 1540 845 1562 oram
864 1527 1135 1574 Hofmansgave
1151 1528 1234 1574 legi.

72 1617 196 1650 DESC.
243 1619 347 1651 Radix
365 1619 497 1660 exiguus
515 1619 685 1653 concolor.
733 1622 841 1654 Frons
856 1620 1000 1654 solitaria
1017 1622 1100 1654 duos
1117 1630 1223 1653 tresve
1238 1619 1376 1666 pollices
1391 1618 1500 1661 longa,
1527 1618 1628 1650 semi-

157 1670 279 1701 lineam
295 1671 335 1703 ad
350 1684 449 1703 unam
467 1672 530 1704 lata
541 1697 548 1704 .
575 1683 733 1714 ecostata,
760 1674 876 1720 plana,
904 1687 983 1716 vage
999 1687 1127 1708 ramosa
1138 1699 1146 1713 ‚
1170 1672 1486 1711 sinuato—flexuosa,
1514 1670 1629 1716 impli-

158 1732 238 1759 cata,
257 1724 366 1767 stipite
381 1725 472 1757 nullo
487 1726 538 1758 vel
554 1727 709 1770 perbrevi
725 1729 893 1760 instructa.
943 1728 1037 1761 Folia
1052 1728 1103 1761 vel
1119 1728 1228 1773 potius
1246 1728 1328 1759 rami
1346 1726 1495 1764 lineares,
1514 1724 1569 1756 hic
1585 1723 1628 1755 il-

159 1775 200 1807 lie
218 1775 359 1814 dilatati,
386 1777 501 1820 patuli,
529 1780 670 1815 curvati,
705 1781 774 1812 sine
798 1782 916 1814 ordine
938 1781 1108 1827 dispositi,
1135 1794 1223 1812 nunc
1239 1781 1343 1812 dissiti
1359 1791 1447 1811 nunc
1467 1776 1629 1822 approxi-

157 1830 254 1867 1113ῑί,
281 1828 416 1873 aliisqvc
433 1830 578 1870 ejusdem
598 1831 780 1864 latitudinis
797 1842 829 1865 et
843 1835 1014 1866 divisionis
1037 1835 1172 1866 obsessi.
1220 1835 1337 1874 Margo
1360 1833 1483 1876 ubiqve
1499 1830 1629 1861 lacinu-

159 1881 254 1919 latns,
282 1882 339 1912 ubi
355 1894 433 1913 vero
450 1881 542 1914 frons
564 1883 597 1914 in
618 1882 734 1915 folium
747 1887 1034 1918 membranaceum
1048 1886 1149 1931 paulo
1166 1886 1332 1924 dilatatur,
1357 1886 1403 1917 ibi
1419 1895 1534 1925 margo
1550 1893 1637 1926 saepe

157 1933 358 1966 crcnulatus.
403 1934 566 1967 Lacinulae
582 1936 794 1975 brevissimae,
819 1940 871 1971 vix
888 1939 1089 1971 semilineam
1103 1938 1219 1979 longae,
1246 1951 1323 1970 raro
1338 1937 1521 1982 simplices,
1549 1948 1629 1967 acu-

160 1997 199 2019 ta»
211 2012 219 2026 ,
247 1988 423 2032 smpissimc
439 1989 531 2032 apice
549 1989 689 2029 obtusae,
716 2000 748 2022 et
763 1991 870 2024 bi—vel
887 1993 1082 2030 trifurcatae,
1118 1992 1214 2024 sursis
1237 1992 1391 2036 utrinqve
1417 1990 1508 2022 falcis
1526 1990 1630 2020 instar

157 2041 288 2073 reflexis
299 2065 307 2080 ‚
338 2050 374 2072 ut
389 2040 569 2085 plurimum
586 2042 771 2076 alternatim
785 2045 936 2077 secundae
946 2069 954 2084 ,
981 2059 997 2077 e
1013 2045 1161 2086 margine
1177 2044 1305 2076 frondis
1323 2057 1471 2077 convexo
1486 2053 1628 2087 progre-

157 2094 294 2134 dientes,
322 2104 354 2126 et
370 2104 447 2126 tunc
464 2093 545 2125 alter
562 2094 689 2127 frondis
705 2108 818 2139 margo
834 2111 1007 2138 concavus,
1024 2100 1151 2140 integer
1166 2107 1348 2142 permanet.
1394 2099 1535 2130 Fructus
1553 2097 1627 2127 Tu-

157 2146 292 2179 bercula
315 2148 531 2189 subglohosa,
577 2149 790 2189 4-granulata
818 2152 854 2183 in
878 2153 1059 2185 substantia
1088 2151 1215 2183 frondis
1241 2160 1367 2184 remote
1390 2160 1419 2182 et
1443 2148 1630 2181 inordinate

160 2212 289 2243 sparsa,
315 2200 487 2245 paululum
503 2200 642 2240 clevata,
668 2202 893 2237 fusco-rubra.
943 2205 1047 2238 Color
1067 2206 1192 2236 intense
1208 2211 1340 2240 roseus,
1368 2203 1409 2235 ad
1425 2203 1518 2234 basin
1543 2209 1574 2232 et
1594 2201 1629 2230 in

132 2282 140 2289 s
160 2252 270 2285 medio
285 2253 453 2285 interdum
470 2255 644 2287 virescens.
693 2257 880 2290 Substantia
896 2258 1024 2290 frondis
1044 2266 1221 2299 angustatae
1236 2256 1462 2297 cartilaginea,
1488 2253 1628 2286 dilatatae

160 2306 424 2346 membranacea,
449 2307 573 2348 rigida,
600 2317 705 2342 tenax.
753 2310 905 2343 Siccitate
921 2324 989 2344 non
1005 2320 1160 2343 mutatur.
1209 2310 1379 2342 Perennis.
1424 2309 1550 2352 Hyemc
1566 2306 1629 2337 im-

161 2359 277 2403 primis
293 2361 468 2404 reperitur.

74 2422 166 2456 OBS.
194 2423 405 2468 Phycoidatis
423 2427 604 2467 majoribus
622 2428 820 2471 adnascens3
835 2430 920 2461 inter
935 2432 1166 2472 rejectamenta
1180 2429 1279 2461 maris
1293 2427 1460 2460 radicibus
1477 2424 1631 2458 Zoster-ce

166 2478 310 2512 marinae
325 2477 415 2511 haud
430 2491 505 2513 raro
521 2480 711 2525 implicitus.
759 2484 811 2516 Oh
831 2483 960 2516 frondis
986 2483 1247 2528 qvalcmcunqve
1269 2482 1448 2515 crassitiem
1467 2487 1497 2512 et
1511 2476 1630 2519 rigidi-t

1162 2540 1225 2583 (3)
