1990 2793
451 145 623 182 SECTIO
648 142 843 181 TERTIA.
891 144 1239 181 SPHACELARIA.
1515 152 1588 189 107

91 251 216 286 DESC.
271 251 376 284 Radix
402 251 540 296 pusilla,
581 250 867 296 Thalassiophytis
893 251 1072 292 majoribus
1098 251 1305 293 agglutinata.
1354 252 1461 284 Frons
1485 251 1639 292 solitaria,

178 305 243 337 seta
260 306 398 350 porcina
417 306 557 344 tenuior,
580 304 736 349 pollicem
753 305 883 336 circiter
903 304 1011 345 longa,
1030 318 1046 335 a
1063 306 1131 336 basi
1149 317 1250 350 usqve
1267 306 1497 337 ramosissima.
1545 307 1638 339 Rami

177 358 305 398 diffusi,
333 359 396 390 huc
420 358 498 390 illuc
525 358 748 398 divergentes,
773 359 917 395 curvati,
943 357 1067 401 patuli3
1093 358 1212 389 ramuli
1234 359 1375 400 gemini,
1402 371 1478 391 raro
1507 359 1638 403 simpli-

177 424 229 444 ces
247 411 298 444 vel
316 413 419 447 terni.
447 412 583 444 omniuo
606 409 848 451 horizontales,
870 410 1038 442 interdum
1060 411 1192 451 reflexi,
1217 411 1367 451 indivisi,
1393 413 1508 445 breves
1522 437 1530 449 ‚
1558 425 1638 443 acu-

177 466 302 497 minati.
352 466 470 510 Apiecs
490 464 608 496 summi
625 462 815 507 sphacelati.
865 465 1004 495 Fructus
1020 464 1151 496 Semina
1168 464 1255 496 nuda
1273 464 1363 497 fusca
1381 466 1414 497 in
1431 466 1564 497 summis
1584 478 1640 497 ra-

177 518 345 551 mulorum
361 518 507 563 apicibus
525 515 718 561 sphacelatis
747 516 940 548 nidulantia.
991 518 1076 549 Tota
1100 516 1170 558 alga
1195 517 1385 558 articulata3
1413 518 1542 550 articuli
1566 518 1640 549 dia-

177 573 273 603 metri
288 570 494 612 longitudine
510 569 561 602 vel
578 568 679 613 paulo
695 569 864 601 breviores
875 593 883 607 ‚
910 570 997 601 striis
1014 570 1169 602 brevibus
1185 571 1477 613 longitudinalibus
1509 571 1639 603 densis-

177 625 256 656 sime
273 624 470 668 compactis,
498 623 631 654 fasciam
647 621 897 654 transversalem
917 622 1041 654 fuscam
1057 622 1286 663 referentibus,
1312 626 1427 657 notati.
1478 624 1639 657 Genicula

174 678 372 709 tenuissima.
422 675 524 708 Color
541 675 833 714 fusco-olivaceus,
862 676 1028 708 exsiccatae
1044 676 1219 717 nigricans.
1264 677 1453 709 Substantia
1467 676 1639 718 cartilagi-

175 742 253 770 nea,
274 729 497 772 rigidiuscula.
546 729 676 760 Annua.
726 728 857 760 Aestate
872 737 903 760 et
919 728 1048 772 hyeme.
1098 729 1226 762 Chartae
1243 743 1312 762 non
1329 730 1486 763 adhaeret.

91 788 183 821 OBS.
236 788 406 821 Pulchella
431 788 501 820 hacc
524 788 667 832 species,
693 788 915 832 microscopio
937 788 1099 829 subjecta,
1122 789 1284 822 „Pl-mmm
1311 791 1482 833 spinosam
1503 790 1638 822 omnino

177 841 291 874 refert.
316 861 358 875 —.
379 842 494 874 Fascia
511 840 611 879 fusca,
636 852 706 885 qvae
727 841 787 873 sub
803 840 890 873 lente
905 853 1025 886 parum
1042 851 1179 882 augente
1196 843 1385 883 geniculum
1400 855 1640 887 nonnunqvam

174 896 334 927 mentiens
350 894 495 936 singulos
512 894 607 935 hujus
625 895 764 938 speciei,
791 894 994 939 aliarumqve
1017 894 1059 926 ad
1077 894 1141 927 hoc
1158 907 1258 936 genus
1275 897 1528 941 pertinentium,
1557 897 1640 927 arti-

176 948 268 981 culos
284 948 402 986 ambit,
429 948 455 980 si
472 947 551 979 lenti
567 948 705 979 maxime
726 948 855 989 augenti
873 948 1063 989 subjicitur,
1090 961 1107 980 e
1125 949 1211 980 striis
1226 948 1301 993 plus
1326 950 1433 981 minus
1463 949 1633 991 elongatis,

176 1001 344 1033 interdum
361 1002 395 1032 in
413 1013 514 1032 unum
530 1000 765 1045 corpusculum
783 1000 929 1040 coalitis,
954 1011 1107 1033 constare
1136 1002 1292 1034 cernitur.
1345 1002 1438 1034 Striae
1464 1003 1533 1034 istae
1562 1002 1641 1034 lon-

176 1054 374 1096 gitudinales
399 1055 470 1085 sine
497 1053 599 1085 dubio
620 1053 667 1085 nil
700 1053 791 1085 aliud
816 1063 911 1093 sunt,
939 1066 1037 1099 qvam
1058 1055 1184 1086 semina
1210 1054 1360 1087 nondum
1383 1065 1527 1094 matura,
1556 1067 1639 1099 qvae,

175 1120 252 1139 cum
267 1108 391 1139 Semina
410 1108 444 1139 in
460 1108 552 1152 apice
570 1106 754 1138 nidulautia
769 1107 810 1138 ad
826 1108 1046 1139 maturitatem
1059 1109 1283 1152 pervenerint,
1309 1117 1340 1139 et
1357 1120 1417 1152 per
1433 1110 1558 1153 apicem
1578 1107 1638 1139 (le-

176 1160 360 1192 hiscentem
376 1159 495 1204 elapsae
517 1160 658 1197 suerint,
683 1161 717 1191 iu
735 1173 850 1193 eorum
866 1160 976 1192 locum
990 1161 1149 1205 paulatim
1165 1160 1367 1199 succedunt,
1391 1170 1439 1200 et,
1462 1162 1547 1205 ipsis
1566 1173 1638 1192 ma-

178 1214 278 1253 turis,
304 1214 424 1245 iterum
440 1214 625 1257 iterumqve
649 1213 689 1243 ab
711 1213 784 1244 aliis
805 1212 918 1244 eadem
932 1214 1060 1245 ratione
1074 1214 1293 1257 excipiuntur.
1338 1215 1453 1258 Neqve
1474 1214 1544 1245 haec
1563 1215 1641 1258 opi-

176 1266 252 1306 nio,
289 1278 388 1311 qvam
410 1265 564 1310 pluribus
589 1265 880 1298 observationibus
908 1266 1023 1298 sultam
1046 1267 1081 1297 in
1105 1265 1251 1297 medium
1277 1265 1435 1310 profero,
1469 1267 1642 1298 temeraria

177 1319 272 1351 facile
290 1318 507 1364 appellanda,
534 1330 641 1363 neqve
665 1319 708 1351 ob
735 1318 905 1364 capsulas,
931 1320 966 1350 in
989 1318 1160 1351 nonnullis
1183 1319 1282 1360 hujus
1309 1319 1439 1360 generis
1465 1319 1641 1363 speciebus

176 1372 390 1411 observatas,
430 1372 566 1404 omnino
597 1371 787 1413 rejicienda.
844 1372 884 1403 Iu
909 1373 1135 1416 Splzczcelaria
1154 1379 1307 1417 pennam
1338 1372 1491 1416 capsulas
1520 1372 1643 1403 detexit

176 1425 347 1458 Borrerus
365 1424 440 1467 (cfr.
456 1424 567 1457 Dillw.
584 1424 713 1457 Introd.
734 1437 769 1470 p.
785 1425 851 1466 87.)
863 1449 871 1462 ,
897 1426 1102 1469 Agardlzius
1120 1426 1198 1458 item
1215 1436 1247 1458 et
1263 1438 1342 1467 egog.
1366 1426 1399 1457 in
1417 1425 1642 1469 Splzttcelarizz

176 1479 359 1511 reticulata
374 1491 504 1523 qvoqve
523 1478 661 1518 adsunt,
686 1478 749 1510 illae
766 1491 845 1511 vero
861 1478 1004 1523 capsulae
1022 1492 1091 1511 non
1112 1480 1315 1524 impediunt,
1339 1491 1404 1524 qvo
1428 1479 1538 1510 miuus
1565 1477 1642 1521 opi-

176 1534 251 1572 nio,
279 1544 376 1577 qvam
392 1531 535 1576 protuli,
560 1533 736 1576 persistat,
763 1532 890 1564 fruetus
907 1533 994 1563 enim
1011 1532 1153 1577 duplex,
1180 1534 1236 1577 qvi
1254 1534 1288 1565 in
1307 1532 1420 1564 multis
1439 1530 1639 1564 Thalassio-

176 1586 291 1631 phytis
306 1586 452 1625 obtinet,
479 1586 576 1616 etiam
592 1585 627 1616 in
644 1585 708 1617 hoc
722 1597 841 1627 genere
858 1586 982 1616 assumi
999 1594 1121 1629 potest.
1307 1582 1309 1584 ’

124 1692 158 1727 8.
217 1685 306 1732 Sph.
327 1687 604 1733 scoparioide33
629 1686 761 1723 fronde
785 1687 991 1721 alternatim
1013 1688 1220 1733 bipinnata,
1248 1689 1387 1732 stricta,
1412 1693 1550 1731 erecta3
1579 1697 1643 1719 ra—
1668 1681 1758 1717 Tab.
1780 1685 1839 1721 32·

45 1757 115 1792 mis
130 1754 349 1800 ramulisqve
365 1757 816 1803 patenti—divergentibus3
838 1756 998 1791 articulis
1018 1756 1236 1792 diametrum
1248 1757 1474 1803 longitudine
1494 1766 1643 1801 aeqvan-

44 1825 151 1860 tibus.

179 1893 332 1928 Habitat
354 1894 434 1928 loco
449 1895 698 1939 praecedentis.

92 1959 217 1992 DESC.
267 1959 378 1991 Caulis
401 1969 504 1991 setam
525 1960 699 2004 porcinam
723 1969 874 1999 crassus,
912 1959 1148 2005 semipollicari
1173 1959 1214 1992 ad
1237 1959 1432 2005 pollicarem
1456 1956 1641 1999 longitudi-

179 2025 237 2052 ne,
274 2012 459 2045 alternatim
481 2013 839 2058 duplicato-pinnatus.
890 2014 983 2046 Rami
1005 2013 1193 2053 divaricati,
1229 2014 1297 2045 fere
1322 2012 1566 2049 horizontales,
1591 2009 1641 2040 al-

182 2067 277 2105 terni,
304 2066 412 2109 rigidi,
438 2066 576 2111 aliisqve
595 2062 781 2099 minoribus
799 2066 949 2106 obsessi3
974 2067 1092 2098 ramuli
1108 2067 1223 2112 patuli⁷
1251 2066 1378 2105 alterni,
1405 2067 1534 2100 breves,
1560 2075 1641 2094 acu-

179 2120 304 2151 minati.
353 2121 496 2152 Fructus
516 2120 646 2152 Semina
661 2120 768 2159 nuda,
791 2120 952 2160 rotunda,
980 2120 1090 2160 fusca,
1115 2120 1217 2152 limbo
1234 2120 1403 2166 pellucido
1420 2130 1507 2163 serpe
1523 2118 1639 2153 cineta,

181 2173 331 2218 apicibus
346 2173 550 2205 ramulorum
566 2173 766 2217 sphacelatis
783 2174 947 2205 immersa.
998 2175 1083 2205 Tota
1100 2174 1193 2205 frons
1210 2174 1397 2213 articulata,
1418 2170 1546 2203 articuli
1568 2169 1641 2200 dia-

180 2227 276 2257 metri
294 2225 518 2267 longitudine,
545 2227 638 2257 striis
656 2226 784 2258 duabus
807 2226 1101 2268 longitudinalibus
1128 2228 1242 2259 notati.
1287 2226 1389 2259 Color
1417 2222 1641 2257 fusco-oliva-

180 2289 276 2317 ceuS‚
311 2280 479 2311 exsiccatae
502 2279 628 2311 fuscus.
677 2279 868 2312 Substantia
896 2288 1024 2319 tenera,
1050 2279 1276 2321 rigidiuscula.
1325 2280 1456 2311 Annua.
1506 2277 1641 2320 Hyeme.

181 2331 311 2364 Chartae
327 2344 395 2364 non
410 2333 565 2365 adhaeret.

95 2390 187 2424 OBS.
230 2390 285 2422 Ad
304 2391 368 2423 hoc
384 2403 487 2432 genus
506 2393 603 2424 etiam
620 2392 765 2437 pertinet
780 2390 952 2434 Conservcc
960 2390 1072 2435 fusca
1090 2391 1198 2424 Huds.
1216 2403 1250 2436 p.
1271 2395 1343 2428 602.
1363 2409 1405 2416 ——
1428 2389 1534 2425 With.
1553 2390 1582 2426 4,
1607 2399 1640 2431 p·

185 2446 256 2481 141.
282 2462 323 2470 —
343 2444 455 2479 Dillw.
471 2446 554 2478 Tab.
570 2451 621 2485 95.
648 2454 680 2477 et
694 2445 822 2477 Introd.
839 2457 871 2476 11.
890 2451 961 2480 151.

1141 2567 1244 2609 (14²)
