1990 2793
8 833 9 837 =
43 802 319 876 superficie
351 816 496 855 terrae
525 804 630 855 vim
662 822 808 854 suam
838 801 1131 853 mirandam
1162 802 1457 862 ostendere,
1519 804 1642 873 qvin
1675 805 1829 854 etiam

42 929 96 979 in
128 927 344 979 occultis
386 926 659 979 thesauros
697 947 818 979 suos
850 927 1263 998 'pretiosissimos
1308 925 1601 977 clanculum
1634 946 1832 1000 expan-

44 1050 182 1102 dere.

236 1174 474 1244 Benigno
507 1173 663 1243 igitur
693 1170 779 1223 illo
815 1173 1015 1232 animo,
1065 1192 1218 1243 qvo,
1289 1173 1657 1243 imperantium
1690 1173 1831 1244 opti-

38 1314 147 1357 m-e,
210 1297 344 1349 cives
385 1286 567 1347 TUOS
602 1298 835 1347 omnium
868 1295 1108 1348 ordinum
1141 1297 1334 1368 excipis
1367 1296 1622 1366 qvotidie‚
1690 1297 1830 1347 exci-

38 1421 149 1492 pias
186 1441 378 1493 precor
415 1419 514 1471 hos
554 1421 773 1470 marium
814 1419 1197 1491 fluviorumqve
1239 1418 1487 1481 infantes,
1558 1421 1642 1490 qvi
1684 1420 1826 1490 aqvis

38 1547 222 1596 emersi
255 1545 417 1596 oculis
450 1533 613 1594 TUIS
649 1546 1017 1616 augustissimis
1041 1543 1127 1594 hic
1157 1541 1445 1594 humillime
1469 1562 1582 1593 sese
1614 1542 1828 1612 subjici-

39 1681 151 1728 unt,
183 1682 554 1739 repraesentare
586 1668 854 1739 cupientes
886 1666 1070 1718 fratres
1102 1687 1220 1718 suos
1255 1680 1407 1737 atqve
1439 1684 1663 1725 sorores,
1697 1683 1825 1735 qvos

38 1788 131 1839 sub
164 1789 516 1841 moderamine
545 1791 778 1860 Neptuni
810 1791 876 1841 ad
918 1791 1090 1841 littora
1124 1781 1257 1841 TUI
1295 1790 1500 1862 imperii
1534 1787 1825 1859 habitantes

37 1912 266 1982 Najades
297 1913 658 1983 Nereidesqve
690 1924 895 1972 omnes,
942 1911 1214 1963 fluviatiles
1248 1928 1397 1983 atqve
1429 1913 1662 1971 marinae,
1705 1929 1826 1980 gre-

38 2038 152 2087 miis
185 2036 325 2086 alunt
356 2037 622 2106 amiceqve
645 2049 865 2085 tuentur.
939 2034 1097 2086 Haud
1129 2035 1337 2106 qvidem
1370 2036 1634 2105 ignorant,
1679 2031 1822 2102 qvod

40 2161 366 2219 vestimenta,
429 2159 610 2229 qvibus
643 2156 943 2227 simpliciter
973 2159 1243 2220 incedunt,
1299 2156 1581 2231 splendore
1614 2170 1851 2234 careantv

40 2294 256 2342 naturae,
312 2284 396 2333 vix
427 2301 487 2333 ae
517 2301 582 2331 ne
613 2283 696 2332 vix
727 2281 935 2351 qvidem
967 2280 1250 2340 imitabilis;
1323 2280 1486 2331 nihilo
1520 2295 1693 2330 tamen
1723 2278 1822 2328 mi-

28 2424 147 2466 nus,
182 2424 299 2456 cum
332 2424 393 2457 ex
422 2404 687 2457 domicilio
719 2405 952 2477 Neptuni
982 2405 1088 2475 jam
1119 2405 1172 2454 in
1195 2395 1406 2455 TUUM
1443 2401 1671 2454 translati
1706 2403 1818 2460 sint,
