<?xml version="1.0" encoding="UTF-8"?>
<!DOCTYPE html PUBLIC "-//W3C//DTD XHTML 1.0 Transitional//EN"
    "http://www.w3.org/TR/xhtml1/DTD/xhtml1-transitional.dtd">
<html xmlns="http://www.w3.org/1999/xhtml" xml:lang="en" lang="en">
 <head>
  <title>
</title>
<meta http-equiv="Content-Type" content="text/html;charset=utf-8" />
  <meta name='ocr-system' content='tesseract 3.04.00' />
  <meta name='ocr-capabilities' content='ocr_page ocr_carea ocr_par ocr_line ocrx_word'/>
</head>
<body>
  <div class='ocr_page' id='page_1' title='image "./tentamenhydrophy00lyng_0075.png"; bbox 0 0 1990 2793; ppageno 0'>
   <div class='ocr_carea' id='block_1_1' title="bbox 408 105 1580 152">
    <p class='ocr_par' dir='ltr' id='par_1_1' title="bbox 408 105 1580 152">
     <span class='ocr_line' id='line_1_1' title="bbox 408 105 1580 152; baseline -0.002 -6"><span class='ocrx_word' id='word_1_1' title='bbox 408 110 581 147; x_wconf 87' lang='lat' dir='ltr'>SECTIO</span> <span class='ocrx_word' id='word_1_2' title='bbox 607 107 776 146; x_wconf 86' lang='lat' dir='ltr'>PRIMA.</span> <span class='ocrx_word' id='word_1_3' title='bbox 839 106 977 144; x_wconf 90' lang='lat' dir='ltr'><strong>ULVA</strong></span> <span class='ocrx_word' id='word_1_4' title='bbox 1004 105 1041 143; x_wconf 77' lang='lat'>8&lt;</span> <span class='ocrx_word' id='word_1_5' title='bbox 1064 105 1261 143; x_wconf 58' lang='lat' dir='ltr'>DESMIAs</span> <span class='ocrx_word' id='word_1_6' title='bbox 1530 117 1580 152; x_wconf 79' lang='grc'>33</span> 
     </span>
    </p>
   </div>
   <div class='ocr_carea' id='block_1_2' title="bbox 34 216 1625 267">
    <p class='ocr_par' dir='ltr' id='par_1_2' title="bbox 34 216 1625 267">
     <span class='ocr_line' id='line_1_2' title="bbox 34 216 1625 267; baseline -0.001 -12"><span class='ocrx_word' id='word_1_7' title='bbox 34 221 188 256; x_wconf 75' lang='lat' dir='ltr'>Habitat</span> <span class='ocrx_word' id='word_1_8' title='bbox 214 221 260 255; x_wconf 89' lang='lat' dir='ltr'>ad</span> <span class='ocrx_word' id='word_1_9' title='bbox 286 221 441 266; x_wconf 77' lang='lat' dir='ltr'>parietes</span> <span class='ocrx_word' id='word_1_10' title='bbox 466 220 602 267; x_wconf 86' lang='lat' dir='ltr'>ligneos</span> <span class='ocrx_word' id='word_1_11' title='bbox 623 219 828 262; x_wconf 86' lang='lat' dir='ltr'>umbrosos,</span> <span class='ocrx_word' id='word_1_12' title='bbox 862 222 898 251; x_wconf 89' lang='lat' dir='ltr'>et</span> <span class='ocrx_word' id='word_1_13' title='bbox 917 229 1004 251; x_wconf 83' lang='lat' dir='ltr'>saxa</span> <span class='ocrx_word' id='word_1_14' title='bbox 1030 222 1136 252; x_wconf 86' lang='lat' dir='ltr'>terrae</span> <span class='ocrx_word' id='word_1_15' title='bbox 1160 217 1348 262; x_wconf 68' lang='lat' dir='ltr'>contigua,</span> <span class='ocrx_word' id='word_1_16' title='bbox 1375 217 1504 262; x_wconf 85' lang='lat' dir='ltr'>praedii</span> <span class='ocrx_word' id='word_1_17' title='bbox 1525 216 1625 254; x_wconf 83' lang='lat' dir='ltr'>Hof-</span> 
     </span>
    </p>
   </div>
   <div class='ocr_carea' id='block_1_3' title="bbox 35 290 399 335">
    <p class='ocr_par' dir='ltr' id='par_1_3' title="bbox 35 290 399 335">
     <span class='ocr_line' id='line_1_3' title="bbox 35 290 399 335; baseline -0.003 -11"><span class='ocrx_word' id='word_1_18' title='bbox 35 300 230 335; x_wconf 85' lang='lat' dir='ltr'>mansgave</span> <span class='ocrx_word' id='word_1_19' title='bbox 252 290 399 324; x_wconf 73' lang='lat' dir='ltr'>Fionjae.</span> 
     </span>
    </p>
   </div>
   <div class='ocr_carea' id='block_1_4' title="bbox 79 349 1629 561">
    <p class='ocr_par' dir='ltr' id='par_1_4' title="bbox 79 349 1629 561">
     <span class='ocr_line' id='line_1_4' title="bbox 79 349 1629 396; baseline -0.003 -7"><span class='ocrx_word' id='word_1_20' title='bbox 79 356 205 389; x_wconf 74' lang='lat' dir='ltr'><strong>DESC.</strong></span> <span class='ocrx_word' id='word_1_21' title='bbox 262 355 365 387; x_wconf 79' lang='lat' dir='ltr'>Radix</span> <span class='ocrx_word' id='word_1_22' title='bbox 388 355 488 387; x_wconf 86' lang='lat' dir='ltr'>nulla.</span> <span class='ocrx_word' id='word_1_23' title='bbox 544 352 694 387; x_wconf 85' lang='lat' dir='ltr'>Frondcs</span> <span class='ocrx_word' id='word_1_24' title='bbox 719 352 915 396; x_wconf 79' lang='lat' dir='ltr'>caespitosae,</span> <span class='ocrx_word' id='word_1_25' title='bbox 958 361 1153 393; x_wconf 57' lang='lat' dir='ltr'>aggregatae,</span> <span class='ocrx_word' id='word_1_26' title='bbox 1191 362 1289 383; x_wconf 83' lang='lat' dir='ltr'>unam</span> <span class='ocrx_word' id='word_1_27' title='bbox 1309 349 1484 384; x_wconf 82' lang='lat' dir='ltr'><strong>alteramve</strong></span> <span class='ocrx_word' id='word_1_28' title='bbox 1509 350 1629 384; x_wconf 82' lang='lat' dir='ltr'>lineam</span> 
     </span>
     <span class='ocr_line' id='line_1_5' title="bbox 167 405 1629 451; baseline -0.004 -9"><span class='ocrx_word' id='word_1_29' title='bbox 167 409 292 451; x_wconf 77' lang='lat' dir='ltr'>longae,</span> <span class='ocrx_word' id='word_1_30' title='bbox 319 418 451 447; x_wconf 79' lang='lat' dir='ltr'>erectae,</span> <span class='ocrx_word' id='word_1_31' title='bbox 477 407 597 439; x_wconf 84' lang='lat' dir='ltr'>lineam</span> <span class='ocrx_word' id='word_1_32' title='bbox 615 406 704 441; x_wconf 73' lang='lat' dir='ltr'>latae,</span> <span class='ocrx_word' id='word_1_33' title='bbox 731 415 849 439; x_wconf 78' lang='lat' dir='ltr'>ovatae,</span> <span class='ocrx_word' id='word_1_34' title='bbox 874 406 1030 443; x_wconf 63' lang='lat' dir='ltr'>sinuosae,</span> <span class='ocrx_word' id='word_1_35' title='bbox 1055 406 1146 449; x_wconf 85' lang='lat' dir='ltr'>apice</span> <span class='ocrx_word' id='word_1_36' title='bbox 1163 405 1358 437; x_wconf 86' lang='lat' dir='ltr'>rotundatae.</span> <span class='ocrx_word' id='word_1_37' title='bbox 1406 406 1524 446; x_wconf 82' lang='lat' dir='ltr'>Margo</span> <span class='ocrx_word' id='word_1_38' title='bbox 1541 405 1629 436; x_wconf 90' lang='lat' dir='ltr'>inte-</span> 
     </span>
     <span class='ocr_line' id='line_1_6' title="bbox 170 457 1629 505; baseline -0.003 -10"><span class='ocrx_word' id='word_1_39' title='bbox 170 465 349 505; x_wconf 73' lang='lat' dir='ltr'>gerrimus,</span> <span class='ocrx_word' id='word_1_40' title='bbox 385 462 534 493; x_wconf 78' lang='lat' dir='ltr'>inflexus.</span> <span class='ocrx_word' id='word_1_41' title='bbox 589 461 730 492; x_wconf 75' lang='lat' dir='ltr'>Fructus</span> <span class='ocrx_word' id='word_1_42' title='bbox 754 458 905 491; x_wconf 85' lang='lat' dir='ltr'>nondum</span> <span class='ocrx_word' id='word_1_43' title='bbox 932 458 1134 490; x_wconf 81' lang='lat' dir='ltr'>observatus.</span> <span class='ocrx_word' id='word_1_44' title='bbox 1200 457 1301 491; x_wconf 89' lang='lat' dir='ltr'>Color</span> <span class='ocrx_word' id='word_1_45' title='bbox 1325 467 1357 490; x_wconf 86' lang='lat' dir='ltr'>et</span> <span class='ocrx_word' id='word_1_46' title='bbox 1381 458 1570 490; x_wconf 84' lang='lat' dir='ltr'>Substantia</span> <span class='ocrx_word' id='word_1_47' title='bbox 1593 465 1629 490; x_wconf 82' lang='lat' dir='ltr'>ut</span> 
     </span>
     <span class='ocr_line' id='line_1_7' title="bbox 169 509 1628 561; baseline -0.005 -12"><span class='ocrx_word' id='word_1_48' title='bbox 169 516 403 561; x_wconf 80' lang='lat' dir='ltr'>praeccdentis‚</span> <span class='ocrx_word' id='word_1_49' title='bbox 428 514 486 547; x_wconf 81' lang='lat' dir='ltr'>sed</span> <span class='ocrx_word' id='word_1_50' title='bbox 502 509 677 546; x_wconf 86' lang='lat' dir='ltr'>tenuiores.</span> <span class='ocrx_word' id='word_1_51' title='bbox 727 513 856 545; x_wconf 86' lang='lat' dir='ltr'>Annua.</span> <span class='ocrx_word' id='word_1_52' title='bbox 904 513 990 545; x_wconf 82' lang='lat' dir='ltr'>Vere</span> <span class='ocrx_word' id='word_1_53' title='bbox 1006 521 1037 543; x_wconf 86' lang='lat' dir='ltr'>et</span> <span class='ocrx_word' id='word_1_54' title='bbox 1056 520 1163 544; x_wconf 73' lang='lat' dir='ltr'>:estate</span> <span class='ocrx_word' id='word_1_55' title='bbox 1184 512 1360 557; x_wconf 84' lang='lat' dir='ltr'>reperitur.</span> <span class='ocrx_word' id='word_1_56' title='bbox 1411 511 1543 544; x_wconf 76' lang='lat' dir='ltr'>Charta:</span> <span class='ocrx_word' id='word_1_57' title='bbox 1560 523 1628 543; x_wconf 85' lang='lat' dir='ltr'>non</span> 
     </span>
    </p>
   </div>
   <div class='ocr_carea' id='block_1_5' title="bbox 81 570 1631 1787">
    <p class='ocr_par' dir='ltr' id='par_1_5' title="bbox 169 570 323 603">
     <span class='ocr_line' id='line_1_8' title="bbox 169 570 323 603; baseline -0.006 -1"><span class='ocrx_word' id='word_1_58' title='bbox 169 570 323 603; x_wconf 76' lang='lat' dir='ltr'>adhaeret.</span> 
     </span>
    </p>

    <p class='ocr_par' dir='ltr' id='par_1_6' title="bbox 81 623 1631 1787">
     <span class='ocr_line' id='line_1_9' title="bbox 81 623 1628 672; baseline -0.005 -10"><span class='ocrx_word' id='word_1_59' title='bbox 81 629 173 662; x_wconf 89' lang='lat' dir='ltr'>OBS.</span> <span class='ocrx_word' id='word_1_60' title='bbox 224 630 329 661; x_wconf 85' lang='lat' dir='ltr'>Frons</span> <span class='ocrx_word' id='word_1_61' title='bbox 346 628 461 670; x_wconf 80' lang='lat' dir='ltr'>hujus,</span> <span class='ocrx_word' id='word_1_62' title='bbox 487 635 524 659; x_wconf 88' lang='lat' dir='ltr'>ut</span> <span class='ocrx_word' id='word_1_63' title='bbox 542 626 759 672; x_wconf 73' lang='lat' dir='ltr'>praecedentis</span> <span class='ocrx_word' id='word_1_64' title='bbox 772 650 779 662; x_wconf 85' lang='grc'>,</span> <span class='ocrx_word' id='word_1_65' title='bbox 806 626 866 657; x_wconf 85' lang='lat' dir='ltr'>suh</span> <span class='ocrx_word' id='word_1_66' title='bbox 884 623 971 657; x_wconf 83' lang='lat' dir='ltr'>lente</span> <span class='ocrx_word' id='word_1_67' title='bbox 987 625 1054 657; x_wconf 85' lang='lat' dir='ltr'>visa</span> <span class='ocrx_word' id='word_1_68' title='bbox 1070 637 1138 657; x_wconf 93' lang='lat' dir='ltr'>non</span> <span class='ocrx_word' id='word_1_69' title='bbox 1154 625 1341 665; x_wconf 71' lang='lat' dir='ltr'>reticulata,</span> <span class='ocrx_word' id='word_1_70' title='bbox 1369 624 1427 657; x_wconf 86' lang='lat' dir='ltr'>sed</span> <span class='ocrx_word' id='word_1_71' title='bbox 1456 636 1473 656; x_wconf 87' lang='lat' dir='ltr'>e</span> <span class='ocrx_word' id='word_1_72' title='bbox 1496 624 1628 668; x_wconf 87' lang='lat' dir='ltr'>punctis</span> 
     </span>
     <span class='ocr_line' id='line_1_10' title="bbox 167 676 1628 723; baseline -0.005 -9"><span class='ocrx_word' id='word_1_73' title='bbox 167 682 392 714; x_wconf 81' lang='lat' dir='ltr'>minutissimis</span> <span class='ocrx_word' id='word_1_74' title='bbox 404 706 412 721; x_wconf 83' lang='lat'>‚</span> <span class='ocrx_word' id='word_1_75' title='bbox 432 680 662 722; x_wconf 82' lang='lat' dir='ltr'>rectangulatis</span> <span class='ocrx_word' id='word_1_76' title='bbox 674 704 682 719; x_wconf 87' lang='lat'>‚</span> <span class='ocrx_word' id='word_1_77' title='bbox 710 680 743 711; x_wconf 91' lang='lat' dir='ltr'>in</span> <span class='ocrx_word' id='word_1_78' title='bbox 761 679 861 711; x_wconf 87' lang='lat' dir='ltr'>lineas</span> <span class='ocrx_word' id='word_1_79' title='bbox 878 677 1052 723; x_wconf 82' lang='lat' dir='ltr'>parallelas</span> <span class='ocrx_word' id='word_1_80' title='bbox 1071 678 1302 711; x_wconf 86' lang='lat' dir='ltr'>transversales</span> <span class='ocrx_word' id='word_1_81' title='bbox 1321 687 1353 710; x_wconf 91' lang='lat' dir='ltr'>et</span> <span class='ocrx_word' id='word_1_82' title='bbox 1371 676 1628 719; x_wconf 83' lang='lat' dir='ltr'>longitudinales</span> 
     </span>
     <span class='ocr_line' id='line_1_11' title="bbox 167 731 1626 780; baseline -0.005 -12"><span class='ocrx_word' id='word_1_83' title='bbox 167 735 360 768; x_wconf 77' lang='lat' dir='ltr'>densissime</span> <span class='ocrx_word' id='word_1_84' title='bbox 379 734 545 780; x_wconf 84' lang='lat' dir='ltr'>dispositis</span> <span class='ocrx_word' id='word_1_85' title='bbox 566 742 710 769; x_wconf 58' lang='lat' dir='ltr'>constan</span> <span class='ocrx_word' id='word_1_86' title='bbox 733 734 818 763; x_wconf 85' lang='lat' dir='ltr'>iuter</span> <span class='ocrx_word' id='word_1_87' title='bbox 836 733 905 764; x_wconf 73' lang='lat' dir='ltr'>haee</span> <span class='ocrx_word' id='word_1_88' title='bbox 925 740 1047 777; x_wconf 83' lang='lat' dir='ltr'>puncta</span> <span class='ocrx_word' id='word_1_89' title='bbox 1065 731 1199 773; x_wconf 76' lang='lat' dir='ltr'>granula</span> <span class='ocrx_word' id='word_1_90' title='bbox 1215 731 1375 764; x_wconf 89' lang='lat' dir='ltr'>nonnulla</span> <span class='ocrx_word' id='word_1_91' title='bbox 1403 733 1545 771; x_wconf 78' lang='lat' dir='ltr'>majora,</span> <span class='ocrx_word' id='word_1_92' title='bbox 1571 742 1626 761; x_wconf 87' lang='lat' dir='ltr'>sa-</span> 
     </span>
     <span class='ocr_line' id='line_1_12' title="bbox 168 781 1629 831; baseline -0.005 -10"><span class='ocrx_word' id='word_1_93' title='bbox 168 789 305 821; x_wconf 89' lang='lat' dir='ltr'>turatius</span> <span class='ocrx_word' id='word_1_94' title='bbox 325 788 489 827; x_wconf 76' lang='lat' dir='ltr'>colorata,</span> <span class='ocrx_word' id='word_1_95' title='bbox 518 787 607 819; x_wconf 87' lang='lat' dir='ltr'>fusca</span> <span class='ocrx_word' id='word_1_96' title='bbox 625 785 801 831; x_wconf 75' lang='lat' dir='ltr'>aliqvando</span> <span class='ocrx_word' id='word_1_97' title='bbox 819 786 1009 823; x_wconf 81' lang='lat' dir='ltr'>observavi,</span> <span class='ocrx_word' id='word_1_98' title='bbox 1034 796 1105 829; x_wconf 61' lang='lat' dir='ltr'>qvae</span> <span class='ocrx_word' id='word_1_99' title='bbox 1133 785 1202 816; x_wconf 84' lang='lat' dir='ltr'>sine</span> <span class='ocrx_word' id='word_1_100' title='bbox 1221 784 1322 817; x_wconf 87' lang='lat' dir='ltr'>dubio</span> <span class='ocrx_word' id='word_1_101' title='bbox 1340 793 1417 816; x_wconf 89' lang='lat' dir='ltr'>sunt</span> <span class='ocrx_word' id='word_1_102' title='bbox 1434 784 1559 816; x_wconf 84' lang='lat' dir='ltr'>semina</span> <span class='ocrx_word' id='word_1_103' title='bbox 1576 781 1629 814; x_wconf 90' lang='lat' dir='ltr'>vel</span> 
     </span>
     <span class='ocr_line' id='line_1_13' title="bbox 167 837 1628 887; baseline -0.005 -13"><span class='ocrx_word' id='word_1_104' title='bbox 167 841 364 887; x_wconf 87' lang='lat' dir='ltr'>corpuscula</span> <span class='ocrx_word' id='word_1_105' title='bbox 389 841 634 886; x_wconf 80' lang='lat' dir='ltr'>reproductiva.</span> <span class='ocrx_word' id='word_1_106' title='bbox 701 839 825 871; x_wconf 79' lang='lat' dir='ltr'><strong>Puncta</strong></span> <span class='ocrx_word' id='word_1_107' title='bbox 850 841 929 874; x_wconf 76' lang='lat' dir='ltr'>ista,</span> <span class='ocrx_word' id='word_1_108' title='bbox 974 850 1045 883; x_wconf 83' lang='lat' dir='ltr'>qvae</span> <span class='ocrx_word' id='word_1_109' title='bbox 1072 837 1156 873; x_wconf 71' lang='lat' dir='ltr'>dixi,</span> <span class='ocrx_word' id='word_1_110' title='bbox 1202 837 1443 879; x_wconf 85' lang='lat' dir='ltr'>rectangulata‚</span> <span class='ocrx_word' id='word_1_111' title='bbox 1481 837 1628 880; x_wconf 86' lang='lat' dir='ltr'>undiqve</span> 
     </span>
     <span class='ocr_line' id='line_1_14' title="bbox 168 888 1626 939; baseline -0.005 -12"><span class='ocrx_word' id='word_1_112' title='bbox 168 895 281 927; x_wconf 76' lang='lat' dir='ltr'>frondi</span> <span class='ocrx_word' id='word_1_113' title='bbox 299 896 466 933; x_wconf 78' lang='lat' dir='ltr'>immersa,</span> <span class='ocrx_word' id='word_1_114' title='bbox 494 906 630 939; x_wconf 83' lang='lat' dir='ltr'>qvaeqve</span> <span class='ocrx_word' id='word_1_115' title='bbox 646 892 841 938; x_wconf 85' lang='lat' dir='ltr'>plerumqve</span> <span class='ocrx_word' id='word_1_116' title='bbox 858 901 1015 937; x_wconf 78' lang='lat' dir='ltr'>qvaterna</span> <span class='ocrx_word' id='word_1_117' title='bbox 1032 893 1065 923; x_wconf 86' lang='lat' dir='ltr'>in</span> <span class='ocrx_word' id='word_1_118' title='bbox 1085 899 1298 936; x_wconf 85' lang='lat' dir='ltr'>conspectum</span> <span class='ocrx_word' id='word_1_119' title='bbox 1324 892 1477 929; x_wconf 82' lang='lat' dir='ltr'>veniunt,</span> <span class='ocrx_word' id='word_1_120' title='bbox 1510 902 1528 921; x_wconf 87' lang='lat' dir='ltr'>a</span> <span class='ocrx_word' id='word_1_121' title='bbox 1555 888 1626 921; x_wconf 85' lang='lat' dir='ltr'>Cel.</span> 
     </span>
     <span class='ocr_line' id='line_1_15' title="bbox 169 941 1628 993; baseline -0.004 -13"><span class='ocrx_word' id='word_1_122' title='bbox 169 949 354 992; x_wconf 78' lang='lat' dir='ltr'>Agarcllzio</span> <span class='ocrx_word' id='word_1_123' title='bbox 369 961 429 993; x_wconf 87' lang='lat' dir='ltr'>per</span> <span class='ocrx_word' id='word_1_124' title='bbox 449 948 571 978; x_wconf 84' lang='lat' dir='ltr'>semina</span> <span class='ocrx_word' id='word_1_125' title='bbox 588 947 810 980; x_wconf 76' lang='lat' dir='ltr'>definiuntur:</span> <span class='ocrx_word' id='word_1_126' title='bbox 837 946 884 977; x_wconf 87' lang='lat' dir='ltr'>illi</span> <span class='ocrx_word' id='word_1_127' title='bbox 901 958 979 978; x_wconf 76' lang='lat' dir='ltr'>vcro</span> <span class='ocrx_word' id='word_1_128' title='bbox 999 945 1202 982; x_wconf 86' lang='lat' dir='ltr'>definitioni,</span> <span class='ocrx_word' id='word_1_129' title='bbox 1226 956 1298 989; x_wconf 76' lang='lat' dir='ltr'>qvae</span> <span class='ocrx_word' id='word_1_130' title='bbox 1319 945 1425 975; x_wconf 85' lang='lat' dir='ltr'>minus</span> <span class='ocrx_word' id='word_1_131' title='bbox 1443 952 1518 988; x_wconf 85' lang='lat' dir='ltr'>apta</span> <span class='ocrx_word' id='word_1_132' title='bbox 1531 941 1628 974; x_wconf 85' lang='lat' dir='ltr'>vide-</span> 
     </span>
     <span class='ocr_line' id='line_1_16' title="bbox 170 995 1631 1046; baseline -0.004 -13"><span class='ocrx_word' id='word_1_133' title='bbox 170 1010 239 1037; x_wconf 71' lang='lat' dir='ltr'>tur,</span> <span class='ocrx_word' id='word_1_134' title='bbox 265 1001 354 1033; x_wconf 84' lang='lat' dir='ltr'>haud</span> <span class='ocrx_word' id='word_1_135' title='bbox 372 1001 469 1046; x_wconf 87' lang='lat' dir='ltr'>plane</span> <span class='ocrx_word' id='word_1_136' title='bbox 485 1001 662 1039; x_wconf 81' lang='lat' dir='ltr'>assentior;</span> <span class='ocrx_word' id='word_1_137' title='bbox 685 1000 721 1031; x_wconf 64' lang='lat' dir='ltr'>ea</span> <span class='ocrx_word' id='word_1_138' title='bbox 743 1000 830 1030; x_wconf 88' lang='lat' dir='ltr'>enim</span> <span class='ocrx_word' id='word_1_139' title='bbox 849 999 1007 1037; x_wconf 64' lang='lat' dir='ltr'>assumta,</span> <span class='ocrx_word' id='word_1_140' title='bbox 1040 999 1206 1042; x_wconf 84' lang='lat' dir='ltr'>seqvitur‚</span> <span class='ocrx_word' id='word_1_141' title='bbox 1240 1006 1276 1028; x_wconf 85' lang='lat' dir='ltr'>ut</span> <span class='ocrx_word' id='word_1_142' title='bbox 1296 1006 1363 1029; x_wconf 89' lang='lat' dir='ltr'>tota</span> <span class='ocrx_word' id='word_1_143' title='bbox 1390 997 1481 1029; x_wconf 88' lang='lat' dir='ltr'>frons</span> <span class='ocrx_word' id='word_1_144' title='bbox 1507 995 1585 1027; x_wconf 80' lang='lat' dir='ltr'>inde</span> <span class='ocrx_word' id='word_1_145' title='bbox 1609 1006 1631 1027; x_wconf 72' lang='lat' dir='ltr'>a,</span> 
     </span>
     <span class='ocr_line' id='line_1_17' title="bbox 169 1047 1625 1099; baseline -0.004 -13"><span class='ocrx_word' id='word_1_146' title='bbox 169 1056 276 1099; x_wconf 79' lang='lat' dir='ltr'>prima</span> <span class='ocrx_word' id='word_1_147' title='bbox 301 1055 438 1086; x_wconf 78' lang='lat' dir='ltr'>infantia</span> <span class='ocrx_word' id='word_1_148' title='bbox 459 1066 522 1098; x_wconf 84' lang='lat' dir='ltr'>pro</span> <span class='ocrx_word' id='word_1_149' title='bbox 545 1065 635 1084; x_wconf 67' lang='lat' dir='ltr'>mera</span> <span class='ocrx_word' id='word_1_150' title='bbox 659 1053 820 1084; x_wconf 61' lang='lat' dir='ltr'>stminum</span> <span class='ocrx_word' id='word_1_151' title='bbox 842 1053 994 1093; x_wconf 78' lang='lat' dir='ltr'>congerie</span> <span class='ocrx_word' id='word_1_152' title='bbox 1027 1060 1110 1083; x_wconf 86' lang='lat' dir='ltr'>esset</span> <span class='ocrx_word' id='word_1_153' title='bbox 1133 1050 1302 1089; x_wconf 76' lang='lat' dir='ltr'>habenda3</span> <span class='ocrx_word' id='word_1_154' title='bbox 1334 1050 1370 1082; x_wconf 90' lang='lat' dir='ltr'>id</span> <span class='ocrx_word' id='word_1_155' title='bbox 1398 1062 1477 1082; x_wconf 88' lang='lat' dir='ltr'>vero</span> <span class='ocrx_word' id='word_1_156' title='bbox 1496 1047 1625 1089; x_wconf 79' lang='lat' dir='ltr'>vulgari</span> 
     </span>
     <span class='ocr_line' id='line_1_18' title="bbox 171 1101 1629 1150; baseline -0.005 -11"><span class='ocrx_word' id='word_1_157' title='bbox 171 1117 294 1140; x_wconf 67' lang='lat' dir='ltr'>natura}</span> <span class='ocrx_word' id='word_1_158' title='bbox 311 1107 427 1148; x_wconf 77' lang='lat' dir='ltr'>agendi</span> <span class='ocrx_word' id='word_1_159' title='bbox 444 1108 563 1138; x_wconf 87' lang='lat' dir='ltr'>rationi</span> <span class='ocrx_word' id='word_1_160' title='bbox 581 1114 758 1150; x_wconf 74' lang='lat' dir='ltr'>repugnat,</span> <span class='ocrx_word' id='word_1_161' title='bbox 795 1117 883 1149; x_wconf 75' lang='lat' dir='ltr'>qvae,</span> <span class='ocrx_word' id='word_1_162' title='bbox 915 1117 990 1136; x_wconf 83' lang='lat' dir='ltr'>cum</span> <span class='ocrx_word' id='word_1_163' title='bbox 1016 1103 1129 1148; x_wconf 83' lang='lat' dir='ltr'>planta</span> <span class='ocrx_word' id='word_1_164' title='bbox 1150 1103 1192 1135; x_wconf 84' lang='lat' dir='ltr'>ad</span> <span class='ocrx_word' id='word_1_165' title='bbox 1219 1104 1440 1134; x_wconf 82' lang='lat' dir='ltr'>maturitatem</span> <span class='ocrx_word' id='word_1_166' title='bbox 1463 1101 1629 1147; x_wconf 79' lang='lat' dir='ltr'>qvandam</span> 
     </span>
     <span class='ocr_line' id='line_1_19' title="bbox 169 1155 1629 1205; baseline -0.005 -12"><span class='ocrx_word' id='word_1_167' title='bbox 169 1162 374 1205; x_wconf 77' lang='lat' dir='ltr'>pervenerit,</span> <span class='ocrx_word' id='word_1_168' title='bbox 415 1161 538 1191; x_wconf 85' lang='lat' dir='ltr'>semina</span> <span class='ocrx_word' id='word_1_169' title='bbox 560 1160 705 1204; x_wconf 86' lang='lat' dir='ltr'>primum</span> <span class='ocrx_word' id='word_1_170' title='bbox 728 1159 816 1203; x_wconf 85' lang='lat' dir='ltr'>parit</span> <span class='ocrx_word' id='word_1_171' title='bbox 840 1166 935 1201; x_wconf 83' lang='lat' dir='ltr'>atqve</span> <span class='ocrx_word' id='word_1_172' title='bbox 956 1156 1131 1201; x_wconf 73' lang='lat' dir='ltr'>producit3</span> <span class='ocrx_word' id='word_1_173' title='bbox 1167 1155 1285 1187; x_wconf 84' lang='lat' dir='ltr'>eodem</span> <span class='ocrx_word' id='word_1_174' title='bbox 1307 1157 1404 1187; x_wconf 88' lang='lat' dir='ltr'>etiam</span> <span class='ocrx_word' id='word_1_175' title='bbox 1426 1157 1499 1196; x_wconf 85' lang='lat' dir='ltr'>jure</span> <span class='ocrx_word' id='word_1_176' title='bbox 1527 1163 1629 1186; x_wconf 84' lang='lat' dir='ltr'>totam</span> 
     </span>
     <span class='ocr_line' id='line_1_20' title="bbox 167 1206 1628 1253; baseline -0.005 -7"><span class='ocrx_word' id='word_1_177' title='bbox 167 1213 323 1246; x_wconf 72' lang='lat' dir='ltr'>frondem</span> <span class='ocrx_word' id='word_1_178' title='bbox 342 1213 546 1245; x_wconf 77' lang='lat' dir='ltr'>Delesserioe</span> <span class='ocrx_word' id='word_1_179' title='bbox 561 1213 705 1243; x_wconf 71' lang='lat' dir='ltr'>sinuosae</span> <span class='ocrx_word' id='word_1_180' title='bbox 721 1211 935 1253; x_wconf 75' lang='lat' dir='ltr'>aliorumqvc,</span> <span class='ocrx_word' id='word_1_181' title='bbox 955 1220 1025 1253; x_wconf 84' lang='lat' dir='ltr'>qvae</span> <span class='ocrx_word' id='word_1_182' title='bbox 1041 1209 1101 1240; x_wconf 87' lang='lat' dir='ltr'>sub</span> <span class='ocrx_word' id='word_1_183' title='bbox 1118 1208 1204 1240; x_wconf 87' lang='lat' dir='ltr'>lente</span> <span class='ocrx_word' id='word_1_184' title='bbox 1223 1209 1290 1240; x_wconf 81' lang='lat' dir='ltr'>visa</span> <span class='ocrx_word' id='word_1_185' title='bbox 1309 1206 1499 1249; x_wconf 87' lang='lat' dir='ltr'>hujusmodi</span> <span class='ocrx_word' id='word_1_186' title='bbox 1516 1218 1628 1252; x_wconf 89' lang='lat' dir='ltr'>punc-</span> 
     </span>
     <span class='ocr_line' id='line_1_21' title="bbox 168 1259 1629 1310; baseline -0.005 -11"><span class='ocrx_word' id='word_1_187' title='bbox 168 1268 208 1300; x_wconf 84' lang='lat' dir='ltr'>tis</span> <span class='ocrx_word' id='word_1_188' title='bbox 227 1276 376 1299; x_wconf 86' lang='lat' dir='ltr'>constare</span> <span class='ocrx_word' id='word_1_189' title='bbox 391 1267 536 1298; x_wconf 84' lang='lat' dir='ltr'>cernitur</span> <span class='ocrx_word' id='word_1_190' title='bbox 547 1290 554 1302; x_wconf 83' lang='grc'>,</span> <span class='ocrx_word' id='word_1_191' title='bbox 581 1278 643 1310; x_wconf 88' lang='lat' dir='ltr'>pro</span> <span class='ocrx_word' id='word_1_192' title='bbox 661 1265 814 1305; x_wconf 73' lang='lat' dir='ltr'>congerie</span> <span class='ocrx_word' id='word_1_193' title='bbox 830 1263 991 1295; x_wconf 84' lang='lat' dir='ltr'>seminum</span> <span class='ocrx_word' id='word_1_194' title='bbox 1004 1262 1127 1293; x_wconf 85' lang='lat' dir='ltr'>habere</span> <span class='ocrx_word' id='word_1_195' title='bbox 1142 1262 1325 1306; x_wconf 77' lang='lat' dir='ltr'>possimus3</span> <span class='ocrx_word' id='word_1_196' title='bbox 1350 1260 1414 1293; x_wconf 84' lang='lat' dir='ltr'>illae</span> <span class='ocrx_word' id='word_1_197' title='bbox 1431 1273 1509 1293; x_wconf 90' lang='lat' dir='ltr'>vero</span> <span class='ocrx_word' id='word_1_198' title='bbox 1527 1259 1629 1305; x_wconf 89' lang='lat' dir='ltr'>plan-</span> 
     </span>
     <span class='ocr_line' id='line_1_22' title="bbox 170 1311 1630 1360; baseline -0.006 -7"><span class='ocrx_word' id='word_1_199' title='bbox 170 1329 209 1353; x_wconf 80' lang='lat' dir='ltr'>tae</span> <span class='ocrx_word' id='word_1_200' title='bbox 226 1320 396 1352; x_wconf 81' lang='lat' dir='ltr'>manifesta</span> <span class='ocrx_word' id='word_1_201' title='bbox 422 1329 453 1351; x_wconf 88' lang='lat' dir='ltr'>et</span> <span class='ocrx_word' id='word_1_202' title='bbox 474 1319 571 1360; x_wconf 78' lang='lat' dir='ltr'>longe</span> <span class='ocrx_word' id='word_1_203' title='bbox 596 1318 676 1350; x_wconf 85' lang='lat' dir='ltr'>alius</span> <span class='ocrx_word' id='word_1_204' title='bbox 702 1317 822 1349; x_wconf 88' lang='lat' dir='ltr'>indolis</span> <span class='ocrx_word' id='word_1_205' title='bbox 849 1325 965 1357; x_wconf 81' lang='lat' dir='ltr'>gerunt</span> <span class='ocrx_word' id='word_1_206' title='bbox 988 1316 1132 1355; x_wconf 78' lang='lat' dir='ltr'>semina3</span> <span class='ocrx_word' id='word_1_207' title='bbox 1156 1315 1222 1346; x_wconf 91' lang='lat' dir='ltr'>huc</span> <span class='ocrx_word' id='word_1_208' title='bbox 1248 1316 1345 1346; x_wconf 82' lang='lat' dir='ltr'>etiam</span> <span class='ocrx_word' id='word_1_209' title='bbox 1369 1313 1511 1352; x_wconf 84' lang='lat' dir='ltr'>accedit,</span> <span class='ocrx_word' id='word_1_210' title='bbox 1537 1311 1630 1358; x_wconf 83' lang='lat' dir='ltr'>qvod</span> 
     </span>
     <span class='ocr_line' id='line_1_23' title="bbox 170 1366 1630 1418; baseline -0.006 -12"><span class='ocrx_word' id='word_1_211' title='bbox 170 1373 358 1410; x_wconf 79' lang='lat' dir='ltr'>character,</span> <span class='ocrx_word' id='word_1_212' title='bbox 386 1385 483 1418; x_wconf 66' lang='lat' dir='ltr'>qvem</span> <span class='ocrx_word' id='word_1_213' title='bbox 501 1373 613 1414; x_wconf 77' lang='lat' dir='ltr'>generi</span> <span class='ocrx_word' id='word_1_214' title='bbox 636 1372 732 1403; x_wconf 72' lang='lat' dir='ltr'>Ulvoe</span> <span class='ocrx_word' id='word_1_215' title='bbox 747 1371 915 1403; x_wconf 81' lang='lat' dir='ltr'>constituit</span> <span class='ocrx_word' id='word_1_216' title='bbox 929 1368 998 1401; x_wconf 86' lang='lat' dir='ltr'>Cel.</span> <span class='ocrx_word' id='word_1_217' title='bbox 1017 1368 1233 1412; x_wconf 73' lang='lat' dir='ltr'>Agarcllzias,</span> <span class='ocrx_word' id='word_1_218' title='bbox 1258 1380 1327 1400; x_wconf 88' lang='lat' dir='ltr'>non</span> <span class='ocrx_word' id='word_1_219' title='bbox 1344 1379 1475 1411; x_wconf 80' lang='lat' dir='ltr'>semper</span> <span class='ocrx_word' id='word_1_220' title='bbox 1488 1374 1535 1398; x_wconf 88' lang='lat' dir='ltr'>est</span> <span class='ocrx_word' id='word_1_221' title='bbox 1551 1366 1630 1398; x_wconf 76' lang='lat' dir='ltr'>unj-</span> 
     </span>
     <span class='ocr_line' id='line_1_24' title="bbox 168 1419 1630 1466; baseline -0.007 -6"><span class='ocrx_word' id='word_1_222' title='bbox 168 1427 319 1463; x_wconf 77' lang='lat' dir='ltr'>versatis,</span> <span class='ocrx_word' id='word_1_223' title='bbox 344 1427 378 1459; x_wconf 91' lang='lat' dir='ltr'>id</span> <span class='ocrx_word' id='word_1_224' title='bbox 399 1437 461 1463; x_wconf 71' lang='lat' dir='ltr'>cst,</span> <span class='ocrx_word' id='word_1_225' title='bbox 482 1439 550 1459; x_wconf 91' lang='lat' dir='ltr'>non</span> <span class='ocrx_word' id='word_1_226' title='bbox 566 1427 600 1457; x_wconf 89' lang='lat' dir='ltr'>in</span> <span class='ocrx_word' id='word_1_227' title='bbox 617 1437 730 1458; x_wconf 80' lang='lat' dir='ltr'>omnes</span> <span class='ocrx_word' id='word_1_228' title='bbox 748 1424 845 1463; x_wconf 79' lang='lat' dir='ltr'>hujus</span> <span class='ocrx_word' id='word_1_229' title='bbox 864 1423 990 1464; x_wconf 79' lang='lat' dir='ltr'>generis</span> <span class='ocrx_word' id='word_1_230' title='bbox 1017 1422 1141 1466; x_wconf 86' lang='lat' dir='ltr'>species</span> <span class='ocrx_word' id='word_1_231' title='bbox 1168 1420 1330 1465; x_wconf 79' lang='lat' dir='ltr'>qvadrare</span> <span class='ocrx_word' id='word_1_232' title='bbox 1355 1419 1497 1452; x_wconf 75' lang='lat' dir='ltr'>videtur.</span> <span class='ocrx_word' id='word_1_233' title='bbox 1542 1419 1630 1450; x_wconf 83' lang='lat' dir='ltr'>Hinc</span> 
     </span>
     <span class='ocr_line' id='line_1_25' title="bbox 168 1471 1629 1522; baseline -0.008 -9"><span class='ocrx_word' id='word_1_234' title='bbox 168 1481 269 1522; x_wconf 85' lang='lat' dir='ltr'>igitur</span> <span class='ocrx_word' id='word_1_235' title='bbox 287 1480 409 1512; x_wconf 87' lang='lat' dir='ltr'>sactum</span> <span class='ocrx_word' id='word_1_236' title='bbox 427 1489 490 1516; x_wconf 72' lang='lat' dir='ltr'>est,</span> <span class='ocrx_word' id='word_1_237' title='bbox 517 1488 552 1511; x_wconf 91' lang='lat' dir='ltr'>ut</span> <span class='ocrx_word' id='word_1_238' title='bbox 572 1478 672 1510; x_wconf 88' lang='lat' dir='ltr'>alium</span> <span class='ocrx_word' id='word_1_239' title='bbox 689 1478 766 1509; x_wconf 85' lang='lat' dir='ltr'>huie</span> <span class='ocrx_word' id='word_1_240' title='bbox 791 1477 902 1518; x_wconf 84' lang='lat' dir='ltr'>generi</span> <span class='ocrx_word' id='word_1_241' title='bbox 927 1476 1149 1507; x_wconf 80' lang='lat' dir='ltr'>characterem</span> <span class='ocrx_word' id='word_1_242' title='bbox 1175 1473 1434 1518; x_wconf 76' lang='lat' dir='ltr'>qvalemcunqve</span> <span class='ocrx_word' id='word_1_243' title='bbox 1463 1471 1629 1503; x_wconf 84' lang='lat' dir='ltr'>conficere</span> 
     </span>
     <span class='ocr_line' id='line_1_26' title="bbox 168 1525 1627 1579; baseline -0.008 -12"><span class='ocrx_word' id='word_1_244' title='bbox 168 1543 264 1579; x_wconf 77' lang='lat' dir='ltr'>atqve</span> <span class='ocrx_word' id='word_1_245' title='bbox 286 1545 476 1578; x_wconf 83' lang='lat' dir='ltr'>proponere</span> <span class='ocrx_word' id='word_1_246' title='bbox 496 1541 626 1564; x_wconf 86' lang='lat' dir='ltr'>coactus</span> <span class='ocrx_word' id='word_1_247' title='bbox 642 1531 769 1563; x_wconf 87' lang='lat' dir='ltr'>fuerim.</span> <span class='ocrx_word' id='word_1_248' title='bbox 795 1547 836 1553; x_wconf 94' lang='lat'>-</span> <span class='ocrx_word' id='word_1_249' title='bbox 859 1530 1009 1573; x_wconf 76' lang='lat' dir='ltr'>Deniqve</span> <span class='ocrx_word' id='word_1_250' title='bbox 1038 1528 1102 1559; x_wconf 86' lang='lat' dir='ltr'>hoc</span> <span class='ocrx_word' id='word_1_251' title='bbox 1129 1528 1227 1558; x_wconf 82' lang='lat' dir='ltr'>etiam</span> <span class='ocrx_word' id='word_1_252' title='bbox 1250 1526 1324 1559; x_wconf 84' lang='lat' dir='ltr'>loco</span> <span class='ocrx_word' id='word_1_253' title='bbox 1353 1525 1482 1557; x_wconf 88' lang='lat' dir='ltr'>moneri</span> <span class='ocrx_word' id='word_1_254' title='bbox 1506 1532 1627 1569; x_wconf 85' lang='lat' dir='ltr'>potest,</span> 
     </span>
     <span class='ocr_line' id='line_1_27' title="bbox 170 1577 1625 1633; baseline -0.01 -13"><span class='ocrx_word' id='word_1_255' title='bbox 170 1587 259 1633; x_wconf 86' lang='lat' dir='ltr'>qvod</span> <span class='ocrx_word' id='word_1_256' title='bbox 279 1586 346 1618; x_wconf 86' lang='lat' dir='ltr'>Cel.</span> <span class='ocrx_word' id='word_1_257' title='bbox 364 1586 484 1618; x_wconf 74' lang='lat' dir='ltr'>Linkio</span> <span class='ocrx_word' id='word_1_258' title='bbox 501 1583 671 1617; x_wconf 80' lang='lat' dir='ltr'>nonnullis</span> <span class='ocrx_word' id='word_1_259' title='bbox 694 1584 790 1616; x_wconf 63' lang='lat' dir='ltr'>Uluoe</span> <span class='ocrx_word' id='word_1_260' title='bbox 807 1583 977 1628; x_wconf 80' lang='lat' dir='ltr'>speciebus</span> <span class='ocrx_word' id='word_1_261' title='bbox 1006 1580 1083 1623; x_wconf 82' lang='lat' dir='ltr'>(illis</span> <span class='ocrx_word' id='word_1_262' title='bbox 1102 1581 1170 1612; x_wconf 86' lang='lat' dir='ltr'>sinc</span> <span class='ocrx_word' id='word_1_263' title='bbox 1188 1579 1309 1618; x_wconf 81' lang='lat' dir='ltr'>dubio,</span> <span class='ocrx_word' id='word_1_264' title='bbox 1335 1579 1369 1610; x_wconf 89' lang='lat' dir='ltr'>in</span> <span class='ocrx_word' id='word_1_265' title='bbox 1387 1589 1526 1622; x_wconf 85' lang='lat' dir='ltr'>qvarum</span> <span class='ocrx_word' id='word_1_266' title='bbox 1543 1577 1625 1608; x_wconf 91' lang='lat' dir='ltr'>sub-</span> 
     </span>
     <span class='ocr_line' id='line_1_28' title="bbox 171 1633 1627 1685; baseline -0.008 -13"><span class='ocrx_word' id='word_1_267' title='bbox 171 1641 285 1672; x_wconf 87' lang='lat' dir='ltr'>stantia</span> <span class='ocrx_word' id='word_1_268' title='bbox 305 1649 428 1685; x_wconf 83' lang='lat' dir='ltr'>puncta</span> <span class='ocrx_word' id='word_1_269' title='bbox 447 1647 604 1683; x_wconf 79' lang='lat' dir='ltr'>qvaterna</span> <span class='ocrx_word' id='word_1_270' title='bbox 621 1638 680 1669; x_wconf 88' lang='lat' dir='ltr'>sub</span> <span class='ocrx_word' id='word_1_271' title='bbox 696 1635 784 1668; x_wconf 81' lang='lat' dir='ltr'>lente</span> <span class='ocrx_word' id='word_1_272' title='bbox 797 1636 929 1675; x_wconf 84' lang='lat' dir='ltr'>adsunt)</span> <span class='ocrx_word' id='word_1_273' title='bbox 957 1645 1082 1666; x_wconf 79' lang='lat' dir='ltr'>novum</span> <span class='ocrx_word' id='word_1_274' title='bbox 1107 1633 1321 1676; x_wconf 65' lang='lat' dir='ltr'>&#39;l&#39;etraspmoe</span> <span class='ocrx_word' id='word_1_275' title='bbox 1350 1642 1471 1663; x_wconf 86' lang='lat' dir='ltr'>nomen</span> <span class='ocrx_word' id='word_1_276' title='bbox 1495 1641 1627 1674; x_wconf 87' lang='lat' dir='ltr'>propo-</span> 
     </span>
     <span class='ocr_line' id='line_1_29' title="bbox 170 1683 1626 1736; baseline -0.005 -13"><span class='ocrx_word' id='word_1_277' title='bbox 170 1704 248 1723; x_wconf 83' lang='lat' dir='ltr'>nere</span> <span class='ocrx_word' id='word_1_278' title='bbox 266 1691 406 1736; x_wconf 84' lang='lat' dir='ltr'>placuit,</span> <span class='ocrx_word' id='word_1_279' title='bbox 432 1701 468 1724; x_wconf 88' lang='lat' dir='ltr'>ut</span> <span class='ocrx_word' id='word_1_280' title='bbox 483 1691 539 1723; x_wconf 80' lang='lat' dir='ltr'>tali</span> <span class='ocrx_word' id='word_1_281' title='bbox 557 1691 825 1723; x_wconf 80' lang='lat' dir='ltr'>denominatione</span> <span class='ocrx_word' id='word_1_282' title='bbox 843 1701 860 1719; x_wconf 88' lang='lat' dir='ltr'>a</span> <span class='ocrx_word' id='word_1_283' title='bbox 879 1689 1011 1725; x_wconf 84' lang='lat' dir='ltr'>ceteris,</span> <span class='ocrx_word' id='word_1_284' title='bbox 1035 1687 1100 1718; x_wconf 90' lang='lat' dir='ltr'>hoc</span> <span class='ocrx_word' id='word_1_285' title='bbox 1121 1686 1310 1719; x_wconf 85' lang='lat' dir='ltr'>charactere</span> <span class='ocrx_word' id='word_1_286' title='bbox 1324 1683 1502 1723; x_wconf 77' lang='lat' dir='ltr'>destitutis,</span> <span class='ocrx_word' id='word_1_287' title='bbox 1528 1694 1626 1727; x_wconf 76' lang='lat' dir='ltr'>sepa·</span> 
     </span>
     <span class='ocr_line' id='line_1_30' title="bbox 172 1739 1121 1787; baseline -0.004 -12"><span class='ocrx_word' id='word_1_288' title='bbox 172 1753 335 1777; x_wconf 84' lang='lat' dir='ltr'>rarentur.</span> <span class='ocrx_word' id='word_1_289' title='bbox 391 1744 465 1787; x_wconf 77' lang='lat' dir='ltr'>(cfr.</span> <span class='ocrx_word' id='word_1_290' title='bbox 486 1743 625 1777; x_wconf 79' lang='lat' dir='ltr'>Schrad.</span> <span class='ocrx_word' id='word_1_291' title='bbox 641 1744 731 1775; x_wconf 86' lang='lat' dir='ltr'>Diar.</span> <span class='ocrx_word' id='word_1_292' title='bbox 748 1743 818 1775; x_wconf 84' lang='lat' dir='ltr'>bot.</span> <span class='ocrx_word' id='word_1_293' title='bbox 833 1754 896 1787; x_wconf 87' lang='lat' dir='ltr'>pro</span> <span class='ocrx_word' id='word_1_294' title='bbox 917 1748 1010 1779; x_wconf 83' lang='lat'><strong>1809.</strong></span> <span class='ocrx_word' id='word_1_295' title='bbox 1027 1753 1060 1786; x_wconf 90' lang='lat' dir='ltr'>p.</span> <span class='ocrx_word' id='word_1_296' title='bbox 1076 1739 1121 1783; x_wconf 88' lang='lat'>9.)</span> 
     </span>
    </p>
   </div>
   <div class='ocr_carea' id='block_1_6' title="bbox 519 1989 1139 2075">
    <p class='ocr_par' dir='ltr' id='par_1_7' title="bbox 519 1989 1139 2075">
     <span class='ocr_line' id='line_1_31' title="bbox 519 1989 1139 2075; baseline -0.003 -40"><span class='ocrx_word' id='word_1_297' title='bbox 519 1992 597 2035; x_wconf 77' lang='lat' dir='ltr'>ix.</span> <span class='ocrx_word' id='word_1_298' title='bbox 664 1992 721 2034; x_wconf 79' lang='lat' dir='ltr'>D</span> <span class='ocrx_word' id='word_1_299' title='bbox 741 1989 777 2034; x_wconf 82' lang='lat' dir='ltr'>E</span> <span class='ocrx_word' id='word_1_300' title='bbox 808 1992 838 2034; x_wconf 92' lang='lat' dir='ltr'>s</span> <span class='ocrx_word' id='word_1_301' title='bbox 868 1991 921 2034; x_wconf 87' lang='lat' dir='ltr'><strong>M</strong></span> <span class='ocrx_word' id='word_1_302' title='bbox 949 1991 970 2034; x_wconf 92' lang='lat'><strong>1</strong></span> <span class='ocrx_word' id='word_1_303' title='bbox 995 1991 1139 2075; x_wconf 36' lang='lat' dir='ltr'>{At-s)</span> 
     </span>
    </p>
   </div>
   <div class='ocr_carea' id='block_1_7' title="bbox 71 2075 1593 2166">
    <p class='ocr_par' dir='ltr' id='par_1_8' title="bbox 71 2075 1593 2166">
     <span class='ocr_line' id='line_1_32' title="bbox 71 2075 1593 2122; baseline -0.009 -7"><span class='ocrx_word' id='word_1_304' title='bbox 71 2088 157 2115; x_wconf 84' lang='lat' dir='ltr'>Frons</span> <span class='ocrx_word' id='word_1_305' title='bbox 176 2094 347 2122; x_wconf 77' lang='lat' dir='ltr'>compressa,</span> <span class='ocrx_word' id='word_1_306' title='bbox 367 2093 484 2112; x_wconf 76' lang='lat' dir='ltr'>ramosa.</span> <span class='ocrx_word' id='word_1_307' title='bbox 523 2085 636 2112; x_wconf 80' lang='lat' dir='ltr'>Fructus</span> <span class='ocrx_word' id='word_1_308' title='bbox 657 2084 776 2120; x_wconf 81' lang='lat' dir='ltr'>ignotus,</span> <span class='ocrx_word' id='word_1_309' title='bbox 798 2085 839 2111; x_wconf 84' lang='lat' dir='ltr'>vel</span> <span class='ocrx_word' id='word_1_310' title='bbox 860 2085 951 2111; x_wconf 78' lang='lat' dir='ltr'>forsan</span> <span class='ocrx_word' id='word_1_311' title='bbox 971 2079 1000 2110; x_wconf 80' lang='lat' dir='ltr'>iti</span> <span class='ocrx_word' id='word_1_312' title='bbox 1018 2083 1071 2110; x_wconf 59' lang='lat' dir='ltr'>fitis</span> <span class='ocrx_word' id='word_1_313' title='bbox 1092 2092 1106 2109; x_wconf 87' lang='lat' dir='ltr'>e</span> <span class='ocrx_word' id='word_1_314' title='bbox 1129 2080 1281 2109; x_wconf 79' lang='lat' dir='ltr'>substantia</span> <span class='ocrx_word' id='word_1_315' title='bbox 1301 2077 1407 2106; x_wconf 73' lang='lat' dir='ltr'>frondis</span> <span class='ocrx_word' id='word_1_316' title='bbox 1429 2075 1593 2104; x_wconf 74' lang='lat' dir='ltr'>exeuntibus</span> 
     </span>
     <span class='ocr_line' id='line_1_33' title="bbox 747 2118 1052 2166; baseline 0 -9"><span class='ocrx_word' id='word_1_317' title='bbox 747 2131 915 2166; x_wconf 79' lang='lat' dir='ltr'>qvaerendus.</span> <span class='ocrx_word' id='word_1_318' title='bbox 1039 2118 1052 2137; x_wconf 46' lang='lat'>¹,</span> 
     </span>
    </p>
   </div>
   <div class='ocr_carea' id='block_1_8' title="bbox 120 2210 1826 2271">
    <p class='ocr_par' dir='ltr' id='par_1_9' title="bbox 120 2210 1826 2271">
     <span class='ocr_line' id='line_1_34' title="bbox 120 2210 1826 2271; baseline -0.008 -12"><span class='ocrx_word' id='word_1_319' title='bbox 120 2234 153 2267; x_wconf 84' lang='lat'>1.</span> <span class='ocrx_word' id='word_1_320' title='bbox 204 2227 254 2261; x_wconf 91' lang='lat' dir='ltr'>D.</span> <span class='ocrx_word' id='word_1_321' title='bbox 273 2224 456 2271; x_wconf 70' lang='lat' dir='ltr'>ligulata5</span> <span class='ocrx_word' id='word_1_322' title='bbox 487 2224 588 2259; x_wconf 82' lang='lat' dir='ltr'>caule</span> <span class='ocrx_word' id='word_1_323' title='bbox 606 2236 831 2269; x_wconf 81' lang='lat' dir='ltr'>compresso,</span> <span class='ocrx_word' id='word_1_324' title='bbox 859 2224 1004 2268; x_wconf 83' lang='lat' dir='ltr'>avenio,</span> <span class='ocrx_word' id='word_1_325' title='bbox 1026 2223 1233 2269; x_wconf 79' lang='lat' dir='ltr'>bipinnato3</span> <span class='ocrx_word' id='word_1_326' title='bbox 1259 2218 1354 2254; x_wconf 81' lang='lat' dir='ltr'>foliis</span> <span class='ocrx_word' id='word_1_327' title='bbox 1371 2216 1542 2263; x_wconf 81' lang='lat' dir='ltr'>pinnatis,</span> <span class='ocrx_word' id='word_1_328' title='bbox 1568 2213 1627 2248; x_wconf 78' lang='lat' dir='ltr'>di·</span> <span class='ocrx_word' id='word_1_329' title='bbox 1679 2210 1768 2247; x_wconf 86' lang='lat' dir='ltr'>Tab.</span> <span class='ocrx_word' id='word_1_330' title='bbox 1790 2213 1826 2248; x_wconf 70' lang='lat'>70&#39;</span> 
     </span>
    </p>
   </div>
   <div class='ocr_carea' id='block_1_9' title="bbox 42 2288 1407 2339">
    <p class='ocr_par' dir='ltr' id='par_1_10' title="bbox 42 2288 1407 2339">
     <span class='ocr_line' id='line_1_35' title="bbox 42 2288 1407 2339; baseline -0.008 -9"><span class='ocrx_word' id='word_1_331' title='bbox 42 2295 186 2339; x_wconf 79' lang='lat' dir='ltr'>stichis,</span> <span class='ocrx_word' id='word_1_332' title='bbox 210 2293 342 2339; x_wconf 72' lang='lat' dir='ltr'>planis,</span> <span class='ocrx_word' id='word_1_333' title='bbox 371 2295 563 2339; x_wconf 79' lang='lat' dir='ltr'>oppositis,</span> <span class='ocrx_word' id='word_1_334' title='bbox 585 2292 811 2339; x_wconf 77' lang='lat' dir='ltr'>lanceolatis,</span> <span class='ocrx_word' id='word_1_335' title='bbox 836 2293 999 2339; x_wconf 69' lang='lat' dir='ltr'>margine</span> <span class='ocrx_word' id='word_1_336' title='bbox 1018 2292 1165 2329; x_wconf 80' lang='lat' dir='ltr'>serratis</span> <span class='ocrx_word' id='word_1_337' title='bbox 1188 2288 1407 2333; x_wconf 84' lang='lat' dir='ltr'>fibrosisqve.</span> 
     </span>
    </p>
   </div>
   <div class='ocr_carea' id='block_1_10' title="bbox 175 2472 775 2515">
    <p class='ocr_par' dir='ltr' id='par_1_11' title="bbox 175 2472 775 2515">
     <span class='ocr_line' id='line_1_36' title="bbox 175 2472 775 2515; baseline 0.002 -13"><span class='ocrx_word' id='word_1_338' title='bbox 175 2473 207 2512; x_wconf 68' lang='grc'>*)</span> <span class='ocrx_word' id='word_1_339' title='bbox 252 2472 299 2503; x_wconf 85' lang='lat' dir='ltr'>Ex</span> <span class='ocrx_word' id='word_1_340' title='bbox 321 2472 442 2514; x_wconf 73' lang='grc' dir='ltr'>δεσμὸς,</span> <span class='ocrx_word' id='word_1_341' title='bbox 466 2472 645 2510; x_wconf 75' lang='lat' dir='ltr'>vinculum,</span> <span class='ocrx_word' id='word_1_342' title='bbox 668 2472 775 2515; x_wconf 70' lang='lat' dir='ltr'>ligula.</span> 
     </span>
    </p>
   </div>
   <div class='ocr_carea' id='block_1_11' title="bbox 1167 2519 1230 2565">
    <p class='ocr_par' dir='ltr' id='par_1_12' title="bbox 1167 2519 1230 2565">
     <span class='ocr_line' id='line_1_37' title="bbox 1167 2519 1230 2565; baseline 0.063 -7"><span class='ocrx_word' id='word_1_343' title='bbox 1167 2519 1230 2565; x_wconf 75' lang='lat'>(5)</span> 
     </span>
    </p>
   </div>
  </div>
 </body>
</html>
