1990 2793
538 122 708 157 sEcTIO
733 121 896 157 PRIMA.
953 122 1098 159 ULVA.
1510 134 1557 169 31

112 236 169 269 11.
235 229 275 263 U.
290 227 628 274 plantagimfolia5
655 229 843 263 frondibus
874 231 1092 275 aggregatis,
1121 231 1196 265 basi
1223 234 1433 276 attenuatis,
1460 233 1611 269 lanceo-
1662 237 1752 270 Tab.
1773 239 1805 276 6.

34 295 135 341 latis,
162 297 315 341 obtusis,
341 299 502 343 margine
518 298 755 340 subcrenatis,
782 296 908 341 planis.

169 374 245 399 Ulva
263 373 508 408 plantaginifolia
528 372 615 400 Wuff.
638 380 700 408 eryt.
721 382 747 399 n.
771 378 796 404 5-

199 443 225 448 -
258 426 450 459 plantaginem
472 425 553 451 Roth.
575 425 635 450 Cat.
654 424 709 450 bor.
732 433 755 453 2,
778 435 802 459 p.
825 431 883 460 243.
923 425 983 452 cm,
1007 431 1031 457 3,
1052 436 1078 461 p.
1098 427 1156 459 326.

164 478 337 502 Laminaria
354 477 547 510 plantaginea
566 477 612 510 Ag.
635 476 697 510 Syn.
721 486 747 511 p.
768 486 807 503 20.

162 528 263 555 Dillen.
285 529 318 554 T.
339 536 363 562 9.
390 527 405 554 f.
426 536 451 563 4.

85 591 127 639 β)
155 594 320 633 tenuior,
347 593 476 626 fronde
496 593 623 627 lineari
636 594 853 638 lanceolata,
877 596 1021 640 obtusa,
1049 597 1274 631 denticulata.
1653 600 1745 635 Tab.
1771 603 1807 640 6.

32 671 183 705 Habitat
196 673 232 705 in
248 671 342 705 foliis
360 673 518 705 Zosterae
532 674 681 706 marinae
696 674 733 706 in
748 673 929 717 profundo
959 677 1038 708 ostii
1062 677 1160 709 sinus
1186 675 1408 712 Othiniensis
1432 681 1608 724 copiosis-

31 739 139 781 sime,
167 738 369 782 Hofmann
387 740 500 785 Bang
511 752 525 782 ,·
550 741 594 774 ad
610 741 739 773 ostium
759 742 857 774 sinus
885 742 1058 777 Oxefiord
1081 743 1280 789 Norvegiae.
1308 764 1359 771 -—
1379 746 1604 782 Varietatem

29 805 74 838 ad
89 805 187 839 littus
203 807 339 840 Fioniae
361 807 639 851 septentrionale
657 807 737 852 legi.

72 880 196 913 DESC.
239 882 343 914 Radix
361 895 462 926 parva
475 892 597 914 scutata
613 884 785 924 nigricans.
834 885 984 917 Frondes
1002 898 1040 917 ex
1060 885 1172 917 eadem
1197 886 1265 918 basi
1283 887 1450 931 plurimae,
1478 890 1519 921 ad
1544 891 1605 921 ba-

158 935 208 964 sin
226 943 411 974 attenuatae,
435 934 557 978 planae,
585 944 647 967 tres
669 936 709 967 ad
727 946 801 969 octo
820 936 956 981 pollices
976 937 1099 978 longae,
1126 948 1155 970 et
1172 951 1312 979 ungvem
1342 942 1407 972 scre
1427 941 1515 979 latae,
1543 955 1605 986 pa-

158 988 233 1030 pyri
248 988 409 1026 crassitie,
436 988 579 1019 flaccidae
605 997 636 1019 et
658 988 868 1027 fluctuantes,
894 989 1184 1030 elongato—ovatae
1209 992 1259 1023 vel
1286 992 1488 1033 lanceolam,
1513 997 1605 1039 apice

159 1039 281 1071 obtusae
305 1040 355 1071 vel
370 1040 564 1072 rotundatae.
612 1041 726 1082 Margo
744 1041 939 1086 plerumqvc
956 1043 1094 1082 integer,
1122 1044 1287 1076 interdum
1304 1055 1464 1078 crenatus.
1514 1048 1602 1079 Sub-

157 1093 273 1123 stantia
289 1092 435 1129 srondis,
462 1093 521 1124 sub
539 1092 624 1124 lente
642 1095 726 1129 visa,
747 1094 886 1138 pulchre
909 1094 1094 1133 reticulata,
1121 1108 1137 1126 e
1164 1096 1254 1128 fibris
1279 1108 1429 1130 constans
1456 1099 1602 1139 longitu-

158 1144 339 1183 dinalibus,
361 1145 587 1189 subparallelis
600 1170 608 1184 ,
633 1147 672 1177 ab
689 1145 757 1177 aliis
778 1145 1046 1178 transversalibus
1062 1147 1096 1177 in
1114 1148 1333 1191 subqvadrata
1355 1151 1473 1194 ubiqve
1495 1153 1601 1183 sectis.

157 1197 295 1228 Fructus
314 1197 443 1229 Semina
472 1197 559 1228 nuda
582 1199 796 1229 minutissima
822 1197 957 1238 globosa
983 1198 1072 1229 fusca
1096 1198 1240 1231 solitaria
1265 1201 1450 1234 substantiae
1475 1203 1602 1235 frondis

154 1250 222 1281 sine
241 1249 357 1281 ordine
371 1251 572 1294 sparsimqve
590 1251 750 1281 immersa.
795 1249 896 1282 Color
913 1250 1144 1287 ssavo-viridis,
1164 1253 1280 1296 saepius
1298 1252 1469 1286 olivaceus.
1514 1255 1603 1287 Sub-

154 1303 269 1333 stantia
289 1303 552 1341 memhranacca,
579 1303 665 1334 lenta
679 1327 687 1342 ‚
716 1302 869 1342 flaccida,
895 1303 1001 1334 minus
1017 1302 1191 1348 diaphana,
1219 1307 1323 1337 omnis
1339 1307 1455 1338 nitoris
1474 1320 1602 1352 expers.

155 1357 283 1387 Annua.
332 1357 427 1388 Vere.
477 1356 605 1387 Chartae
621 1356 691 1387 laxe
709 1356 863 1387 adhzrret.

70 1424 160 1456 OBS.
210 1425 356 1457 Odorem
378 1426 480 1469 spirat
504 1425 718 1466 singularem,
750 1426 961 1466 gramineum.
1019 1426 1173 1471 Semper,
1199 1427 1289 1471 qvod
1313 1437 1425 1461 notatu
1451 1429 1596 1469 dignum,

154 1478 188 1509 in
204 1478 349 1509 Zostera
365 1479 498 1509 marina
516 1479 697 1522 parasitica.
746 1479 852 1510 Frons
871 1478 979 1510 adulta
1007 1479 1049 1510 ob
1073 1480 1232 1511 Flustras
1258 1482 1397 1513 minutas
1423 1483 1601 1527 sordesqve

153 1532 312 1567 marinas,
344 1532 372 1561 ei
400 1530 628 1571 agglutinatas‚
663 1544 747 1575 saepe
772 1531 1211 1563 scabriuscula.—Varietas
1233 1542 1279 1564 est
1302 1534 1411 1566 forsan
1436 1534 1547 1579 planta
1564 1537 1598 1567 in

154 1592 237 1614 statu
253 1584 392 1624 juniori3
415 1583 534 1614 assecla
552 1595 625 1615 cum
644 1585 679 1614 ea
695 1582 1032 1626 szfervafucit-ola
1056 1596 1123 1615 non
1139 1596 1215 1615 raro
1232 1588 1459 1627 conjungitur:
1486 1600 1598 1628 margo

155 1635 281 1667 frondis
300 1636 390 1667 fibris
408 1635 580 1679 pellucidis
597 1636 806 1677 geniculatis,
835 1648 904 1681 qvae
922 1645 1028 1668 tamen
1052 1638 1085 1668 in
1109 1651 1140 1670 οι.
1167 1637 1302 1677 absunt,
1329 1639 1495 1679 obsessus;
1521 1640 1598 1671 hinc

155 1686 367 1720 denticulatus
390 1697 535 1732 apparet.

94 1792 149 1826 12.
210 1787 249 1820 U.
268 1786 494 1827 dichotoma,
525 1787 654 1823 fronde
678 1789 802 1834 plana,
829 1788 1042 1834 subaeqvaJi‚
1068 1790 1282 1824 dichotoma.
1650 1791 1740 1825 Tab.
1759 1793 1794 1831 6.

155 1852 229 1877 Ulva
253 1852 418 1877 dirhotoma
438 1851 523 1878 Huds.
547 1862 573 1887 p.
598 1853 654 1884 568.
676 1872 702 1877 -.
724 1855 812 1879 With.
832 1859 857 1886 4.
879 1864 903 1888 p.
928 1858 983 1887 ¹24.
1000 1872 1027 1878 -
1045 1854 1144 1888 Lightf.
1166 1865 1191 1889 p.
1201 1864 1259 1889 975.
1282 1856 1315 1881 T.
1331 1862 1372 1890 34.
1394 1873 1420 1878 —
1441 1856 1517 1890 Engl.
1538 1856 1593 1883 bot.

216 1887 249 1912 T.
273 1895 330 1921 774.
359 1904 386 1909 -
408 1888 474 1913 Dec.
506 1888 521 1912 ss
552 1887 581 1913 fr.
604 1897 626 1914 2,
654 1897 679 1922 p.
708 1897 745 1912 ιι.

152 1942 239 1965 Fucus
261 1939 473 1963 canant-alatus
492 1939 554 1973 Esp.
575 1940 608 1965 T.
631 1945 671 1973 73.
694 1949 745 1966 sec,
766 1941 896 1966 Monens.

20 1992 172 2026 Habitat
187 1994 230 2026 ad
247 1993 347 2026 littus
367 1993 545 2037 Bergense
558 1993 763 2038 Norvegiae3
791 1993 1065 2039 Doanx'riiger.
1092 2013 1143 2019 —
1166 1993 1222 2027 Ad
1243 1994 1340 2028 littus
1359 1996 1593 2030 meridionale

18 2059 223 2106 Norvegiae3
257 2060 354 2094 Prof.
374 2061 409 2095 C.
427 2060 554 2094 Smith.

66 2133 188 2164 DESC.
239 2132 342 2165 Radix
368 2145 469 2177 parva
487 2142 618 2165 scutata.
668 2134 817 2165 Frondes
843 2135 1036 2179 caespitosae.
1063 2136 1186 2180 planzo,
1212 2136 1280 2167 basi
1305 2145 1490 2171 attenuatae,
1518 2137 1592 2181 pal-

150 2197 236 2216 mam
253 2194 283 2216 et
299 2185 382 2216 ultra
399 2185 521 2227 longae.
544 2198 605 2230 per
625 2185 857 2220 dichotomiasq
882 2188 1054 2220 intervallo
1071 2190 1155 2220 inter
1171 2187 1311 2228 singulas
1328 2189 1456 2220 circiter
1474 2192 1591 2231 ungvi-

152 2237 269 2276 culm-i,
304 2239 401 2269 octies
425 2237 589 2282 pluriesve
613 2240 765 2282 repetitas
790 2238 911 2271 divisae.
970 2240 1091 2280 Anguli
1118 2241 1392 2272 dichotomiarum
1413 2242 1590 2273 rotundati.

152 2290 257 2321 Frons
272 2299 427 2333 praetcrea
444 2291 564 2335 ubiqve
580 2291 791 2335 subaeqvalis,
826 2291 944 2322 lineam
967 2291 1047 2331 lata,
1082 2292 1247 2325 interdum
1273 2305 1350 2324 vero
1378 2293 1419 2323 ad
1443 2293 1591 2324 latitudi-

152 2353 227 2373 nem
244 2336 515 2386 semipollicarcm
532 2343 698 2375 accedens.
747 2344 885 2375 Fructus
906 2345 1034 2376 Semina
1051 2345 1263 2376 minutissima
1285 2344 1373 2376 fusca
1397 2346 1430 2375 in
1447 2345 1591 2389 qvadra—

153 2395 191 2425 tis
210 2394 335 2426 frondis
352 2397 490 2439 sparsim
505 2396 673 2440 disposita.
721 2395 823 2428 Color
839 2397 964 2432 viridis,
990 2396 1039 2428 vel
1056 2397 1356 2430 fusco-olivaceus.
1405 2398 1589 2429 Substantia

151 2447 413 2485 membranacea,
438 2450 560 2488 tenuis,
583 2448 748 2489 sublenta3
771 2449 989 2494 microsicopio
1005 2450 1149 2490 subjecta
1173 2449 1314 2494 pulchre
1338 2450 1506 2483 reticulata
1529 2461 1590 2493 ap-
