1990 2793
461 111 634 149 snerlo
661 115 878 159 QVARTA.
933 118 1206 157 CONFERVA
1500 134 1571 170 147

169 221 276 246 metro
293 214 430 259 aeqvales
447 216 498 248 vel
515 217 651 250 dimidio
669 219 847 252 breviores.
901 222 1060 256 Genicula
1073 226 1280 265 brevissima,
1306 227 1480 272 pellucida,
1506 245 1622 276 parum

169 275 345 299 contracta.
397 268 498 302 Color
522 280 662 303 saturata
689 273 813 305 viridis.
864 274 1050 308 Substantia
1076 279 1296 320 rigidiuseula.
1347 283 1441 314 Vere.
1492 285 1620 317 Charim

171 330 238 349 non
264 319 418 353 adhaeret.

83 375 173 407 OBS.
223 377 275 409 Ad
293 388 482 422 seqventem
498 383 640 426 speciem
658 384 808 427 proxime
824 386 964 423 accedit,
992 388 1048 420 scd
1070 389 1183 422 habitu
1199 393 1338 431 minori,
1362 393 1441 438 3plo
1466 397 1617 434 tenuiori,

168 429 365 474 crispatione
382 435 497 474 majori
520 443 551 465 et
569 434 643 467 loco
661 436 762 467 natali
777 439 853 470 satis
870 439 1089 482 distingvitur.
1111 444 1142 475 A
1158 444 1329 487 Conferva
1343 453 1504 485 tol-mosa,
1523 460 1619 492 qvam

165 490 285 514 statura
302 484 402 528 paulo
419 497 609 531 exsuperat,
633 489 777 522 articulis
796 491 906 523 ‹liss'ert
921 494 1140 527 brevioribus.
1188 497 1347 530 Ulotlirix
1365 501 1417 543 (ex
1436 501 1515 539 οὖλος
1533 502 1617 533 cris-

161 547 230 578 pus
246 545 276 567 et
292 539 358 583 ,θρὶξ
374 539 533 581 capillus)
552 541 608 584 qvi
621 543 749 586 crispos
765 544 863 576 habet
881 547 1033 589 capillos.

111 636 170 673 25.
224 636 258 671 C.
275 636 439 681 Linum5
467 639 533 674 filis
554 642 785 689 simplicibus,
808 648 1069 692 crassiusculis,
1091 651 1224 695 rigidis,
1254 650 1427 698 crispatis,
1448 654 1530 689 laxe
1545 656 1619 691 im·
1645 662 1734 697 Tab‚
1756 668 1814 703 50.

29 699 189 747 plicatiS,
214 702 429 750 longissimis
440 720 450 752 5
477 709 634 743 articulis
653 712 829 747 diametro
846 715 1150 752 subbrevioribus.

164 768 312 804 Conserva
332 772 435 798 Linum
463 773 499 799 Fi.
523 773 585 799 dan.
605 775 674 802 Tab.
697 786 756 811 77¹·
779 778 821 813 fig.
844 788 867 807 2.
895 798 923 804 -
949 781 1032 808 Roth.
1057 784 1118 808 (jar.
1143 784 1197 811 bor.
1223 795 1243 813 ι,
1265 796 1289 820 p.
1317 796 1371 822 ¹74·
1413 794 1437 819 3.
1458 798 1484 823 p.
1505 795 1563 823 257.
1590 805 1616 811 ·-

227 804 315 830 Wnlf.
337 814 419 842 crypt.
441 817 468 832 u.
492 817 532 833 20.
547 825 575 831 —
596 809 708 838 Selium.
732 822 823 841 enum.
845 824 869 844 2,
891 825 917 850 p.
942 825 997 851 ¹07·
1017 834 1044 840 -
1061 820 1107 852 Ag.
1133 819 1211 854 Disp.
1236 830 1261 855 p.
1285 827 1325 851 30.
1350 831 1376 848 et
1394 823 1456 857 Syn.
1479 832 1506 858 p.
1525 830 1568 857 34.
1590 840 1616 846 -

226 839 298 873 Jiirg.
317 840 374 876 Alg.
397 842 465 867 Dec.
486 849 510 874 3.
531 853 557 870 n.
580 853 618 870 ιο.

178 907 205 914 -
242 892 442 927 stlelagouium
462 894 497 921 ΡΙ.
519 894 545 920 d.
566 896 636 923 Tab.
661 905 732 934 ¹483.
757 899 798 934 fig.
825 911 844 927 ι.
868 902 946 934 (excl.
967 907 1036 938 syn.)

179 959 205 965 -
241 944 392 976 capillaris
417 946 504 972 Huds.
526 957 551 982 p.
573 954 632 982 598.
663 968 690 973 -
715 951 814 985 Lightf.
842 963 867 987 p.
891 961 949 987 933.
978 973 1004 978 —
1031 956 1122 982 Dillw.
1144 959 1214 984 Tab.
1236 967 1261 993 9.
1290 967 1316 984 et
1339 960 1439 987 [nti-od.
1464 972 1489 996 p.
1512 972 1555 999 47.
1586 980 1614 987 -

226 978 308 1005 Web.
330 987 355 1004 et
375 980 459 1006 Mohr
481 982 529 1007 Gr.
551 983 630 1010 Conf.
653 985 721 1011 Tab.
745 995 769 1020 9.
793 1005 819 1010 -
838 988 929 1014 KVith.
949 999 974 1024 4.
996 1001 1020 1025 p.
1047 998 1101 1023 135.
1121 1011 1148 1016 -
1167 994 1268 1019 Dillen.
1291 994 1359 1020 Tab.
1382 1002 1405 1027 5.
1427 996 1445 1021 f.
1466 1005 1506 1032 25.
1531 999 1566 1024 A.
1587 1016 1614 1023 -

225 1012 375 1040 Pluckenet
394 1015 470 1050 Phyt.
494 1017 563 1043 Tab.
585 1023 628 1053 84.
650 1019 692 1054 fig.
713 1029 738 1054 9.
759 1037 786 1043 —
805 1022 900 1050 Moris.
922 1025 969 1052 111.
994 1026 1020 1052 S.
1045 1034 1082 1060 ¹5-
1105 1027 1176 1053 Tab.
1197 1037 1222 1064 4.
1245 1028 1287 1063 fig.
1309 1037 1335 1063 4,

162 1064 325 1090 ceramium
344 1067 448 1097 Linum
475 1069 544 1094 Dec.
567 1070 592 1096 ss.
613 1070 644 1099 ir.
665 1081 690 1101 2,
712 1082 739 1107 p.
759 1081 802 1108 47.

28 1126 181 1162 Habitat
202 1131 240 1164 in
255 1132 336 1165 sinu
354 1132 525 1170 Nakskov
545 1141 581 1169 et
600 1136 756 1183 Resdbye
770 1139 986 1186 Lollandiae,
1015 1146 1159 1189 copiose
1166 1160 1177 1192 3
1203 1146 1356 1181 Miiller.
1382 1165 1432 1173 —
1456 1148 1498 1182 In
1515 1150 1613 1184 vadis

27 1195 127 1228 sinus
153 1196 375 1233 Othiniensis
392 1206 428 1234 et
442 1200 548 1236 fossis
570 1205 731 1249 ejusdem
750 1207 965 1243 submarinis
978 1236 987 1253 ,
1014 1214 1169 1256 copiose.

69 1260 195 1293 DESC.
245 1263 373 1309 Caespes
388 1264 460 1297 laxe
476 1268 644 1301 intricatus
655 1294 663 1309 ,
689 1271 799 1315 pedali
816 1281 847 1303 et
868 1272 951 1305 ultra
967 1277 1176 1316 extensione,
1203 1279 1288 1323 gyris
1306 1280 1445 1311 invicem
1461 1280 1612 1312 flexuosis

118 1332 121 1333 ν
157 1326 247 1359 aqvae
271 1315 375 1349 libere
396 1319 557 1353 innatans.
608 1322 679 1354 Fila
702 1323 894 1368 simplicia,·
909 1328 1038 1367 teretia,
1069 1330 1301 1370 rigidiuscula‚
1326 1333 1488 1372 flexuosa,
1516 1334 1613 1364 intri-

158 1377 245 1407 cata,
272 1371 298 1401 si
317 1372 535 1413 extricentur,
556 1374 664 1407 ulnari
681 1384 712 1407 et
729 1375 814 1410 ultra
831 1376 1055 1419 longitudine,
1082 1384 1148 1414 seta
1172 1386 1310 1427 porcina
1332 1385 1410 1429 Qplo
1436 1386 1611 1420 crassiora,

155 1420 277 1465 ubiqve
293 1423 438 1468 aeqvalia.
481 1428 622 1460 Articuli
638 1428 799 1462 diametro
815 1430 983 1464 breviores
1002 1433 1054 1466 vel
1071 1438 1208 1468 eandem
1234 1438 1476 1481 subseqiantcs,
1504 1439 1609 1482 opaci,

156 1474 298 1506 siccitate
316 1480 474 1510 contracti
493 1489 524 1511 et
539 1483 714 1523 corrugati.
759 1483 919 1515 Genicula
934 1485 1142 1527 brevissima,
1169 1489 1346 1533 pellucida,
1374 1491 1539 1522 interdum
1556 1491 1610 1522 hic

155 1526 223 1558 illic
241 1529 386 1569 turgida,
413 1532 550 1565 articulo
567 1536 743 1575 crassiora,
771 1544 802 1567 et
819 1545 883 1567 tam
899 1550 1017 1581 opaca,
1045 1549 1081 1571 ut
1097 1541 1192 1573 oculo
1212 1543 1372 1583 inarmato
1390 1543 1483 1574 facile
1497 1544 1609 1587 perci-

154 1580 298 1623 piantur.
347 1584 494 1626 Turgida
516 1585 585 1618 haec
603 1587 769 1628 genicula,
802 1590 1026 1635 microscopio
1054 1594 1215 1634 subjecta,
1250 1608 1266 1626 e
1291 1595 1434 1636 granulis
1458 1596 1609 1628 rotundis

155 1631 206 1664 vel
231 1635 352 1670 ovatis,
390 1638 578 1672 substantiae
603 1640 737 1673 filorum
761 1642 1017 1676 membranaceae
1047 1646 1208 1679 immersis
1242 1657 1391 1680 constare
1418 1658 1607 1680 cernuntur.

155 1684 257 1717 Color
273 1687 406 1720 sordide
423 1690 475 1722 vel
492 1691 781 1733 ssavo-virescens,
809 1695 974 1728 exsiccatae
991 1697 1136 1731 dilutior.
1188 1700 1376 1732 Substantia
1396 1702 1535 1733 recentis
1560 1702 1608 1732 ri-

155 1737 335 1778 gidiuscula
347 1764 355 1778 ‚
387 1741 528 1783 fragilis,
567 1747 732 1778 exsiccata)
760 1747 932 1788 rigiditatis
961 1763 1095 1795 expers,
1129 1752 1282 1791 flaccida,
1315 1753 1412 1785 lenta.
1478 1754 1606 1785 Annua.

154 1792 239 1822 Vere
257 1801 288 1824 et
302 1802 419 1825 aestate.
468 1796 596 1828 Chartae
613 1810 681 1829 non
697 1799 851 1831 adhaeret.

97 1891 155 1929 26.
211 1892 246 1926 C.
263 1904 384 1937 cerea5
407 1895 474 1929 filis
497 1898 736 1943 simplicibus,
764 1901 1021 1948 crassiusculis,
1044 1906 1190 1950 rigidis,
1219 1907 1365 1951 erectis,
1395 1906 1606 1940 fluctuanti-
1631 1905 1720 1940 Tab.
1743 1910 1801 1946 51.

20 1958 86 1991 bus
97 1971 106 2003 3
135 1959 293 1993 articulis
312 1962 487 1997 diametro
503 1965 739 2001 brevioribus.

154 2024 301 2059 Conserva
323 2037 399 2052 ωιέα
420 2029 511 2055 Dillw.
533 2031 602 2058 Tab.
625 2038 666 2062 go.
689 2041 715 2058 et
731 2033 841 2061 Jiitrod.
864 2044 890 2070 p.
918 2042 962 2071 48.
984 2049 1018 2055 ·—
1036 2037 1113 2072 Engl.
1136 2037 1192 2066 bot.
1212 2040 1281 2066 Tab.
1304 2050 1376 2075 1929.

19 2094 170 2128 Habitat
186 2098 223 2129 in
249 2098 457 2132 scrobiculis
482 2101 717 2148 littoralibus,
745 2117 834 2151 aqva
854 2108 994 2141 marina
1020 2112 1198 2153 stagnanti
1222 2113 1259 2145 in
1282 2123 1424 2147 summo
1444 2112 1604 2146 refluxus

19 2161 132 2196 limite
144 2163 290 2207 repletis
309 2166 354 2199 ad
370 2167 506 2202 insulas
524 2174 719 2206 exteriores
740 2179 825 2207 ante
850 2176 982 2210 ostium
998 2178 1095 2210 sinus
1114 2179 1285 2213 Oxefiord
1303 2180 1503 2225 Norvegiae.

64 2243 188 2276 DESC.
235 2246 338 2278 Radix
363 2248 463 2281 callus
486 2263 628 2295 parum,
655 2264 814 2294 scutatus,
842 2256 1011 2289 concolor.
1063 2259 1132 2290 Fila
1157 2272 1194 2291 ex
1220 2261 1331 2293 eadem
1358 2262 1427 2293 basi
1450 2262 1602 2306 plurima,

152 2299 337 2341 caespitosa,
367 2302 542 2346 simplicia,
566 2307 695 2346 teretia,
721 2308 860 2351 palmari
884 2309 925 2340 ad
948 2310 1099 2354 pedalem
1125 2311 1349 2359 longitudine,
1377 2323 1443 2345 seta
1466 2316 1604 2358 porcina

150 2349 228 2394 Dplo
247 2354 423 2393 crassiora,
446 2357 505 2387 sub
521 2370 602 2402 aqva
619 2359 819 2398 fluctuantia,
848 2371 963 2397 erecta,
991 2376 1120 2395 sursum
1138 2367 1327 2409 spectantia.
1372 2367 1510 2398 Articuli
1531 2367 1602 2398 dia-

150 2411 255 2435 metro
279 2405 497 2450 subaeqvalcs,
528 2410 695 2444 breviores
720 2412 923 2455 longioribus
946 2416 1101 2456 immixti,
1137 2419 1263 2461 apicem
1296 2430 1409 2451 versus
1442 2420 1602 2450 diametro

150 2455 230 2500 2plo
246 2456 424 2499 longiores.
474 2461 634 2495 Genieula
650 2465 851 2506 brevissima,
878 2467 1053 2511 pellucida.
1104 2470 1205 2501 Color
1223 2471 1325 2503 dilute
1343 2472 1467 2504 viridis.
1516 2472 1602 2504 Sub-

1103 2525 1205 2565 (19²)
