1990 2793
327 107 500 145 SECTIO
525 104 694 143 PRJMA.·
745 105 1017 142 CHONDRUS
1046 105 1084 145 8<
1110 107 1339 145 ZONARIA.
1539 120 1586 157 19

169 215 395 262 misphaerica,
418 215 558 256 margini
576 212 703 248 frondis
725 212 887 257 imprimis
911 213 1067 246 immersa
1089 213 1142 248 vel
1164 215 1199 246 in
1223 212 1354 247 laciniis
1381 215 1558 260 disposita,
1584 230 1637 250 se-

169 271 260 301 mina
274 269 417 314 plurima
434 266 640 300 subrotunda
657 267 782 298 intense
799 266 900 298 rubra
915 266 1137 307 includentia;
1163 269 1385 312 reperiuntur
1401 269 1499 301 etiam
1516 271 1639 303 semina

167 321 274 363 nuda,
300 334 371 367 qvae
387 323 421 354 in
436 321 578 354 maculas
596 319 755 360 oblongas
779 319 832 351 vel
855 318 1014 352 rotundas
1036 332 1098 366 per
1121 332 1230 353 ramos
1262 322 1450 366 superiores
1477 332 1638 364 congestae

168 385 253 408 sunt.
303 375 405 409 Color
430 375 549 411 ruber,
577 373 777 418 diaphanus‚
804 373 897 418 apice
912 385 1037 405 roseus.
1083 374 1274 407 Substantia
1289 375 1559 415 membranacea,
1587 384 1636 408 te-

169 430 314 462 nerrima
330 438 361 462 et
379 429 421 463 ob
437 428 627 462 tenuitatem
643 425 725 460 folia
739 438 910 472 nunqvam
926 438 995 459 non
1013 425 1171 469 lacerata,
1202 428 1292 461 unde
1308 440 1440 461 nomen.

551 725 627 770 VI.
709 724 1108 772 ZONARIA.

87 820 171 846 Frons
188 818 278 856 plana,
296 818 465 851 orbicularis,
484 818 622 855 adpressa.
660 818 773 847 Semina
787 820 863 848 nuda
877 820 906 847 in
920 820 1007 848 lineas
1023 818 1215 847 transversales
1233 819 1422 847 concentricas
1439 819 1583 857 disposita.

67 912 74 915 χ
110 919 141 953 1.
198 915 238 948 Ζ.
257 913 400 948 deusta.
1688 922 1832 964 '1'121b.5⁴

165 985 298 1011 Ζοιιανιά
316 985 418 1010 deusta
437 985 484 1020 Ag.
507 984 570 1019 Syn.
588 993 614 1020 p.
629 993 672 1020 40.

165 1036 265 1063 Facus.
287 1036 323 1064 Fi.
341 1036 365 1064 d.
386 1037 420 1063 T.
434 1046 495 1074 420.
518 1036 596 1069 (excl.
614 1046 670 1072 syn.
693 1038 842 1073 Imperati).

280 1088 472 1125 sungularis,
498 1089 639 1115 coriaceus
662 1089 806 1116 frondibus
821 1090 1071 1117 semicircularibus
1093 1090 1260 1117 imbricatim
1276 1089 1432 1119 sessilibus,
1469 1089 1634 1121 subvillosis,

201 1105 332 1154 -fuscis,
353 1125 443 1150 {asciis
462 1124 602 1150 ochraceis
621 1131 647 1149 et
661 1125 733 1150 striis
756 1126 947 1152 eonceutricis.
987 1125 1058 1151 Oed.
1086 1125 1311 1159 Enum.n.17.6
1333 1141 1360 1148 —
1379 1126 1438 1150 Zoe
1461 1134 1478 1149 a
1502 1124 1535 1150 ad
1554 1125 1637 1151 finem

231 1159 291 1185 itin
310 1159 349 1185 isl.
373 1158 497 1193 Olafsen.
515 1159 702 1185 etPovelsen.
723 1176 750 1183 -
768 1160 854 1186 Mohr
872 1161 911 1187 isl.
931 1170 960 1195 p.
977 1166 1038 1195 248.
1057 1178 1084 1184 -
1106 1162 1136 1187 C.
1152 1160 1245 1187 Bauli,
1265 1160 1352 1186 Pinax
1368 1169 1394 1194 p.
1413 1134 1472 1195 3654.
1491 1177 1519 1184 -
1537 1160 1633 1187 Moris.

229 1193 278 1220 111·
298 1203 324 1228 p
342 1193 402 1229 645
860 1220 868 1230 .

201 1263 228 1270 -
280 1244 458 1281 fungularis
473 1246 568 1274 Gunn.
587 1255 612 1277 2,
628 1256 655 1283 p.
676 1256 732 1282 ¹07·
757 1257 785 1275 n.
803 1251 863 1281 852.
900 1246 1001 1282 Fungis
1018 1246 1118 1274 affinis.

33 1314 188 1351 Habitat
215 1315 253 1349 in
278 1316 370 1349 mari
397 1314 594 1361 Islandico,
631 1315 781 1362 Kbnig,
818 1317 963 1363 Zoega,
995 1315 1133 1357 Molzr,
1168 1315 1333 1350 Hooker.
1366 1334 1416 1342 —
1443 1315 1501 1351 Ad
1527 1328 1636 1362 rupes

31 1385 234 1418 maritimas
251 1383 452 1419 insularum
476 1385 699 1419 exteriorum
724 1390 809 1420 ante
838 1386 971 1419 ostium
1001 1386 1098 1419 sinus
1123 1384 1299 1420 Oxefiord
1325 1396 1443 1431 prope
1462 1384 1637 1421 Arendal

33 1451 227 1499 Norvegiae
246 1452 333 1499 legi,
356 1452 466 1498 paulo
481 1452 578 1488 infra
595 1453 825 1500 superficiem
841 1465 942 1500 aqvae
959 1455 1120 1488 marinae.

79 1534 206 1567 DESC.
265 1535 416 1568 Frondcs
445 1545 644 1578 aggregatae‚
677 1537 873 1575 imbricatae,
907 1535 1178 1575 suborbiculatae,
1211 1535 1375 1581 adpressae
1402 1537 1469 1568 sive
1495 1535 1634 1581 rupibus

165 1600 227 1632 per
245 1597 346 1621 totam
368 1589 524 1622 frondem
550 1590 670 1629 affixae,
699 1589 860 1622 diametro
879 1589 947 1621 scre
963 1589 1217 1634 semipollicari‚
1244 1590 1298 1621 vix
1323 1589 1527 1622 semilineam
1541 1601 1634 1621 cras-

171 1652 232 1679 sae,
269 1650 399 1682 tenues,
434 1642 529 1675 lineis
554 1643 828 1676 transversalibus
853 1644 1073 1676 conccntricis
1094 1651 1234 1682 notatae,
1267 1642 1409 1684 glabrae,
1442 1642 1532 1674 haud
1554 1654 1633 1674 vero

167 1691 302 1725 villosa».
351 1695 453 1728 Color
471 1696 705 1736 fusco—ruber,
732 1698 936 1729 extremitate
953 1696 1107 1735 dilutior,
1131 1697 1298 1728 exsiccatae
1315 1697 1491 1737 nigricans.
1543 1695 1633 1728 Sub-

167 1746 284 1777 stantia
300 1748 463 1787 coriacea,
490 1749 614 1790 rigida,
640 1751 806 1782 exsiccatae
830 1750 966 1792 fragilis.
1011 1750 1142 1782 Chartae
1167 1762 1236 1782 non
1261 1748 1417 1782 adhaeret.
1442 1766 1483 1772 —
1508 1749 1633 1782 AEstate

169 1797 244 1840 legi.

79 1862 171 1895 OBS.
221 1862 290 1894 Sub
307 1862 394 1895 lente
409 1873 581 1897 contextus
600 1865 776 1898 cellulosus
796 1879 812 1898 e
831 1867 922 1899 fibris
940 1867 1041 1899 dense
1059 1867 1238 1912 compactis
1256 1865 1552 1907 longitudinalibus
1569 1878 1633 1911 pa-

167 1914 308 1953 rallelis,
335 1916 385 1948 vel
402 1917 583 1950 moneculis
600 1920 779 1960 aggregatis
804 1928 954 1951 constare
976 1920 1184 1951 cernebatur.
1233 1921 1375 1964 Propria
1399 1920 1523 1964 species
1547 1931 1633 1950 una—

168 1981 241 2001 cum
258 1970 308 2002 Fl.
320 1970 352 2002 d.
371 1971 411 2002 T.
423 1974 494 2009 420,
512 1973 647 2003 minime
666 1984 744 2004 vero
762 1973 848 2004 basis
862 1973 1112 2004 Himcmthaliae
1124 1974 1239 2011 loreoe,
1255 1981 1291 2005 ut
1308 1972 1461 2005 nonnulli
1477 1972 1632 2004 credide-

166 2032 255 2063 runt,
270 2023 340 2055 haec
355 2022 504 2068 placenta
521 2024 690 2057 salutanda
701 2024 764 2057 cst.
814 2026 905 2058 Saxis
924 2027 1037 2058 Daniae
1054 2027 1188 2058 marinis
1206 2026 1437 2068 aggutinatam‚
1464 2026 1632 2057 chartam-

170 2088 244 2120 qve,
256 2078 307 2109 cui
322 2077 565 2121 imponebatur,
582 2078 694 2110 colore
703 2091 838 2111 amoene
848 2091 944 2111 roseo
964 2080 1142 2119 obducere,
1153 2088 1323 2124 atsemper
1332 2080 1506 2119 minorem,
1517 2089 1548 2111 ct
1562 2080 1632 2110 sine

167 2130 273 2169 striis,
296 2130 434 2162 eandem
451 2132 573 2164 inveni.
623 2132 652 2164 A
667 2131 892 2175 Clzaetoplzora
902 2134 1045 2177 pellita,
1070 2133 1110 2164 de
1127 2134 1190 2178 qva
1210 2132 1313 2172 infra,
1338 2133 1398 2164 sub
1413 2132 1499 2164 lente
1518 2132 1632 2164 diver-

169 2182 311 2221 sissima,
348 2183 424 2215 licet
447 2183 563 2216 habitu
587 2193 721 2217 externo
746 2185 872 2218 similis.
931 2187 1077 2218 Incertus
1101 2198 1142 2217 an
1165 2185 1280 2227 digna,
1308 2187 1399 2227 cujus
1429 2186 1632 2218 mentionem

170 2233 326 2277 facerem,
353 2246 454 2276 esset,
482 2239 674 2270 auctoritate
692 2237 760 2270 Cel.
778 2239 956 2282 Agardlzii
969 2239 1023 2271 hic
1040 2239 1151 2272 locum
1165 2240 1195 2271 ei
1210 2240 1380 2281 assignavi.

1150 2534 1230 2575 (3²)
