1990 2793
485 111 656 147 SECTIO
682 111 847 146 PRIMA.
905 112 1163 150 APPENDIX.
1515 125 1563 165 59

117 212 207 245 OBS.
251 213 326 244 Haec
342 213 410 254 alga
427 215 528 247 affinis
545 217 634 248 Fuco
658 196 843 248 lumbricali
869 217 977 260 qvoad
1001 217 1147 249 habitum
1171 228 1201 251 et
1220 219 1258 250 F.
1274 219 1478 253 conservoidi
1501 226 1608 267 qvoad

165 271 324 310 fructum,
351 272 408 304 sed
424 273 550 306 diversa
567 287 584 305 a
602 276 639 307 F.
656 275 952 319 pseudoceranoidi
972 276 1078 308 Gmcl.
1097 289 1132 321 p.
1154 284 1231 317 119,
1259 279 1315 322 qvi
1332 278 1373 310 ad
1391 280 1428 311 F.
1444 282 1608 313 membra-

161 330 316 362 nisolium
333 333 372 363 T.
390 334 543 376 pertinet.

33 417 84 447 18.
109 412 225 444 Fucus
242 414 486 457 sefflginoides,
517 417 688 458 Tonning,
716 417 910 456 Gunnerus⁷
937 417 1083 458 Agartlh.

163 472 295 504 Habitat
310 474 343 504 in
360 475 441 505 mari
458 475 654 516 Norvegico,
676 477 832 517 Tonning
851 477 884 507 in
899 477 1037 508 Amoen.
1056 478 1156 510 Acad.
1176 483 1205 518 ’7,
1222 490 1256 522 p.
1269 481 1340 515 476.
1365 497 1406 504 —
1429 480 1540 512 Gunn.
1560 482 1609 513 Fl.

227 543 320 563 norv.
336 538 365 570 2.
384 545 417 576 p.
435 540 485 570 90.
507 551 549 557 -—
573 534 681 566 Gmel.
699 535 781 566 Tab.
801 541 830 574 2,
849 535 901 576 fig.
921 542 949 570 1.
974 554 1015 560 —
1036 537 1096 577 Ag.
1113 538 1190 580 Syn.
1214 550 1248 581 p.
1269 544 1297 572 1.

112 590 153 621 F.
169 590 410 632 selagittoicleS,
437 591 554 624 fronde
572 593 718 625 filiformi
736 595 971 633 ramosissimag
998 596 1094 626 ramis
1119 595 1335 633 dichotomis3
1362 595 1455 636 foliis?
1473 597 1608 630 subula-

162 648 200 679 tis
214 647 363 687 alternis,
389 650 457 681 basi
474 651 672 684 vesiculosis.
721 653 794 684 Lin.
812 653 897 696 Syst.
914 662 979 685 nat.
995 653 1046 685 ed.
1067 654 1139 685 XII.
1159 661 1188 693 2,
1216 667 1250 698 p.
1267 660 1338 690 717.

29 737 80 767 19.
106 730 147 761 F.
165 733 442 774 spermoplzorus,
469 733 589 775 Konig,
609 736 776 776 Tonning,
793 735 980 767 Gunnvrus.

110 789 224 820 Facies
243 792 500 834 spermoplzorus
516 793 594 838 Esp.
611 795 651 826 T.
671 797 740 829 154.
764 810 803 817 -
826 796 930 825 Turn.
952 795 1032 826 Hist.
1060 796 1100 825 T.
1118 799 1168 829 ’76-
1192 812 1232 818 -
1258 796 1307 827 Fl.
1327 809 1419 828 norv.
1446 804 1474 832 2.
1503 809 1536 841 p.
1557 803 1606 832 26.

158 860 191 879 11.
219 851 290 884 414.

109 906 222 938 Ριισιιε
238 909 449 940 mamillosus
466 910 641 942 Wahlenb.
661 911 712 943 Fl.
730 911 819 956 lapp.
834 924 867 942 11.
883 913 966 948 947?

111 965 305 997 Cet-amium
321 969 598 1011 spermophorum
622 970 720 1001 Roth.
736 971 806 1001 Cat.
822 970 890 1001 bot.
906 977 936 1007 3,
954 983 988 1014 p.
1007 977 1077 1006 1123.

110 1024 368 1066 Splzoeroeocvus
386 1028 645 1070 spermoplzorus
658 1053 665 1064 ‚
691 1029 751 1069 Ag.
767 1029 845 1072 Syn.
867 1041 899 1072 p.
919 1035 969 1064 28.

158 1082 290 1115 Habitat
304 1085 337 1115 in
354 1086 434 1115 mari
451 1085 630 1125 Islandico‚
654 1087 780 1127 Ktinig,
807 1088 931 1127 Zoega,
958 1089 1069 1127 Mohr⁷
1091 1088 1236 1121 Hooker.
1262 1105 1303 1111 —
1322 1090 1359 1120 In
1375 1091 1456 1120 mari
1475 1090 1604 1121 Nol-ve-

223 1143 314 1182 gico‚
342 1156 390 1174 ex.
408 1155 455 1184 gr.
472 1143 513 1174 ad
532 1144 726 1176 Hammero'c
741 1144 972 1181 Norcllandiae.
998 1147 1110 1178 Gunn.
1133 1165 1174 1171 -—
1197 1148 1234 1179 In
1249 1148 1333 1178 mari
1357 1147 1607 1191 septentrionali

223 1201 399 1242 Tonning,
424 1205 499 1233 Am.
515 1203 574 1234 Ac.
591 1207 621 1240 ’7,
642 1216 675 1247 p.
691 1207 763 1238 477.

108 1258 222 1290 Fusus
248 1261 525 1303 spermoplzorus,
564 1260 683 1293 fronde
709 1263 955 1294 membranacea
993 1262 1181 1295 dichotoma
1206 1275 1391 1307 compressa
1419 1263 1604 1308 capillacea.

156 1319 324 1350 Fructific.
348 1319 576 1363 pedunculatis
601 1320 808 1360 lateralibus,
842 1321 927 1354 foliis
957 1321 1133 1353 linearibus
1158 1321 1340 1353 multifidis.
1397 1322 1492 1353 Linn.
1519 1323 1604 1366 Syst.

157 1386 222 1408 nat.
242 1377 292 1409 ed.
315 1378 387 1410 XII.

107 1434 214 1479 Stipes
232 1436 386 1480 palmaris
410 1438 499 1470 laxus
518 1439 699 1477 filisormis‚
727 1439 1235 1483 compresso-membranaceus‚
1262 1439 1472 1471 dichotomus
1495 1441 1527 1471 111
1550 1453 1604 1471 ra-

156 1506 227 1526 mos
249 1495 418 1540 eapillares
443 1498 696 1542 copiosissimos.
759 1497 939 1529 Pcduneuli
964 1497 1129 1533 laterales,
1164 1498 1318 1533 solitarii,
1353 1497 1603 1529 fructificatione

157 1553 309 1594 globosa,
333 1555 556 1597 magnitudine
573 1557 702 1588 seminis
721 1556 853 1600 Thymi.
901 1557 954 1588 Ad
977 1557 1069 1588 basin
1094 1558 1211 1601 stipitis
1239 1556 1317 1588 solia
1342 1555 1474 1587 linearia
1498 1568 1601 1587 mem-

156 1612 315 1644 branacea
331 1614 421 1646 caule
441 1614 556 1647 latiora
574 1616 661 1647 varie
682 1615 842 1646 multifida
863 1616 994 1655 obtusa3
1019 1616 1144 1659 Ko'tlig.
1170 1634 1210 1640 --
1232 1616 1305 1646 Lin.
1323 1614 1345 1646 l.
1363 1627 1390 1646 c.

72 1670 162 1703 OBS.
212 1672 295 1702 Cum
311 1672 447 1704 dubium
466 1682 531 1712 est,
559 1674 642 1704 hanc
661 1673 826 1718 plantam,
853 1686 951 1718 qvam
967 1673 1140 1718 descripsit
1167 1675 1359 1711 Tur-aerus,
1381 1685 1540 1717 qvamqve
1568 1685 1601 1704 111

156 1730 238 1760 mari
254 1730 386 1769 Indico,
414 1733 634 1776 Taprobanen
652 1732 810 1771 alluente,
837 1734 953 1764 seriori
980 1742 1126 1777 tempore
1146 1734 1270 1765 invenit
1290 1733 1495 1775 Koettigitcs,
1521 1744 1599 1762 ean-

156 1788 230 1819 dem
245 1801 312 1820 esse
332 1801 366 1820 ac
383 1802 469 1825 eam.
497 1802 593 1833 qvam
616 1791 708 1821 affert
724 1792 918 1829 Gunncrus,
943 1793 1108 1823 sententiat
1135 1791 1202 1823 Cel.
1231 1791 1494 1833 IPYclzlenbergii
1518 1802 1600 1833 pro-

157 1847 256 1878 babili
274 1849 447 1886 assentior,
471 1849 597 1880 Fucum
617 1849 895 1892 spermophorum
918 1850 1029 1881 Gunn.
1054 1862 1121 1881 esse
1146 1851 1272 1882 Fueum
1298 1848 1515 1881 mamillosum
1541 1849 1600 1886 T.;

156 1906 206 1936 cui
224 1907 319 1937 etiam
336 1915 370 1937 ut
387 1919 605 1950 synonymum
622 1919 691 1937 eam
710 1906 854 1948 adjunxi.

24 1995 74 2023 20.
100 1989 140 2020 F.
156 1989 313 2025 vittatus,
336 1989 428 2027 Lin..
456 1991 628 2031 Tonning,
656 1991 843 2022 Gunnerus.

157 2048 288 2079 Habitat
312 2049 346 2078 in
369 2050 449 2079 mari
467 2049 666 2089 Notwegico,
691 2050 845 2090 Tonning
868 2053 1007 2081 Amoen.
1034 2049 1132 2082 Acad.
1158 2056 1186 2084 ’7,
1208 2063 1241 2094 p.
1263 2054 1334 2084 477.
1360 2068 1400 2073 -
1426 2049 1538 2080 Gunn.
1562 2047 1595 2077 ss.

219 2118 312 2138 uorv.
329 2113 358 2142 2.
374 2119 407 2150 p.
424 2112 474 2142 35.
492 2120 523 2138 11.
541 2110 611 2141 454.

109 2164 149 2194 F.
168 2165 314 2199 vittatus.
339 2164 511 2198 frondibus
529 2166 783 2197 membranaceis
802 2166 913 2198 divisis
929 2167 1169 2205 ensisormibus,
1188 2166 1502 2210 dentato-crispatis.
1526 2164 1598 2195 Liu.

158 2221 241 2265 Syst.
260 2232 323 2254 nat.
344 2223 420 2254 edit.
435 2225 508 2255 XII.
526 2231 554 2258 2.
570 2237 602 2267 p.
618 2230 688 2258 718.

110 2279 200 2311 OBS.
244 2281 282 2312 In
299 2281 357 2312 hac
372 2283 497 2326 speeie.
523 2294 592 2325 qvae
612 2282 653 2313 ad
669 2295 740 2314 oras
760 2284 928 2324 Norvegiae
952 2285 1004 2315 vix
1020 2285 1192 2328 provenit.
1220 2280 1464 2314 determinanda
1486 2280 1595 2311 forsan

160 2340 279 2370 erravit
297 2339 364 2370 Cel.
384 2340 611 2384 Tomzingius,
636 2342 767 2385 ejusqve
784 2341 1052 2373 determinatione
1071 2342 1169 2373 vtrba
1191 2342 1268 2372 Rev.
1286 2340 1438 2372 Gmmeri
1461 2339 1518 2370 niti
1545 2339 1596 2370 vi-

159 2396 288 2428 dentur.
339 2398 469 2430 Habitat
486 2409 591 2431 autem
609 2399 678 2430 hzrc
696 2401 837 2443 species,
858 2412 927 2443 qvae
944 2401 976 2431 in
992 2401 1121 2444 scriptis
1143 2400 1274 2430 Limum?
1291 2399 1350 2430 sub
1365 2399 1496 2430 nomine
1511 2398 1598 2428 Fuci

160 2457 271 2487 ornati
287 2457 383 2488 etiam
400 2459 559 2497 occurrit,
584 2457 624 2489 ad
641 2459 909 2490 Promontoriunl
924 2459 956 2489 b.
972 2471 1021 2502 sp.
1032 2482 1040 2497 ‚
1064 2458 1150 2489 unde
1166 2457 1304 2501 pulchra
1327 2457 1502 2501 specimina
1520 2454 1595 2492 vidi,

1121 2512 1201 2554 (8²)
