1990 2793
417 85 591 129 SECTIO
618 89 855 129 SECUNDA.
913 91 1215 131 VAUCHERIA.
1511 104 1562 147 79

64 200 190 234 DESC.
238 200 367 245 Caespes
385 198 576 232 densissime
591 200 779 239 intricatus,
805 207 943 232 stratum
959 199 1102 233 formans
1119 200 1234 234 ulnare
1257 208 1288 233 et
1310 199 1395 233 ultra
1422 205 1608 248 superficiei

151 266 251 299 aeqvae
267 254 429 285 innatans.
478 252 551 285 Fila
567 252 724 298 capillum
738 253 918 285 humanum
934 266 1041 286 crassa
1052 279 1060 294 ,
1087 255 1216 288 inferne
1233 254 1405 300 simplicia,
1429 256 1470 288 ad
1487 259 1615 302 apicem

152 319 294 340 ramosa.
343 307 436 340 Rami
461 306 724 343 subdiehotomi‚
751 305 941 343 divaricati,
969 309 1061 352 apice
1089 309 1215 350 reflexi,
1245 308 1380 349 clavati,
1402 310 1613 343 vesiculiseri.

150 360 312 394 Vesiculae
329 359 494 400 solitariae,
513 359 710 395 terminales,
731 360 879 404 apicibus
898 361 1104 394 ramulorum
1117 363 1302 394 incrassatis
1318 363 1532 408 recurvisqve
1549 364 1615 395 im-

150 425 276 453 mersae,
295 422 414 452 ovatae,
439 413 625 446 minorihus
639 411 784 454 globosis
803 413 837 445 iu
858 414 978 446 tubulis
1002 415 1134 448 filorum
1157 418 1247 458 juxta
1262 414 1501 448 nidulantibus.
1546 417 1616 449 Co-

151 467 205 500 lor
221 466 356 499 sordide
380 466 515 505 viridis,
541 465 760 498 vesicularum
777 467 950 499 intensior.
999 468 1187 501 Substantia
1203 469 1474 509 membranacea,
1509 478 1613 502 tenax.

149 522 282 553 Annua.
329 520 441 552 Primo
463 531 540 551 vere
555 528 586 551 et
602 528 770 553 autumno.
821 520 950 585 Chargae
972 521 1044 553 laxe
1062 522 1217 555 adhaeret.

92 628 126 666 9.
184 621 230 656 V.
256 620 404 655 marina
412 632 426 665 ;
458 620 526 655 filis
552 619 800 666 capillaribus,
827 623 973 667 erectis,
1002 625 1153 658 ramosis
1162 637 1172 670 3
1198 625 1310 659 ramis
1332 623 1609 670 remotiusculis,
1635 627 1727 663 Tab.
1752 635 1814 670 22,

20 690 234 735 attenuatis3
263 689 427 725 vesiculis
443 690 556 726 ovatis
574 689 902 737 pedunculatisqve.

67 757 219 792 Habitat
236 758 282 792 ad
298 757 398 792 littus
414 759 445 792 F
446 770 607 793 aeroense
625 760 663 793 in
679 758 805 793 infimo
822 759 982 794 refluxus
1000 760 1124 806 limite,
1151 767 1192 795 ut
1207 762 1253 795 ad
1270 761 1412 807 Qvivig,
1438 761 1500 795 sed
1519 773 1612 796 raro.

61 822 186 856 DESC.
235 825 364 868 Caespes
382 832 526 862 erectus,
558 824 697 868 rupibus
713 824 884 857 maritimis
903 826 974 857 basi
991 827 1121 866 affixus,
1146 826 1302 871 pollicem
1327 827 1458 858 circiter
1483 825 1613 866 longus.

148 875 220 908 Fila
235 877 468 916 minutissima,
500 876 671 917 tubulosa,
698 879 872 919 continua,
900 879 1020 924 capillo
1040 881 1182 912 humana
1200 881 1367 920 tenuiora,
1394 881 1480 911 intus
1507 880 1614 910 masse}

147 929 248 962 viridi
265 929 440 971 granulosii
458 929 603 974 repleta,
629 943 769 963 ramosa.
816 932 911 964 Rami
928 934 1065 968 remoti,
1093 933 1213 972 erecti,
1240 934 1365 977 apicem
1390 945 1502 965 versus
1529 941 1614 963 atte—

147 984 250 1014 nuati.
298 982 458 1015 Vesiculae
475 982 642 1021 laterales,
668 993 770 1017 ovatae
788 984 839 1017 vel
855 986 1071 1026 subclavatae,
1097 998 1228 1018 sursum
1255 994 1459 1030 spectantes,
1486 985 1614 1017 diame-

149 1044 238 1068 trum
263 1035 310 1067 fili
331 1035 504 1068 latitudine
527 1035 606 1081 2plo
630 1036 841 1077 excedentes,
873 1039 1088 1078 atrovirides,
1121 1040 1217 1071 brevi
1246 1039 1399 1083 tenuiqve
1420 1037 1612 1082 peduneulo

148 1089 255 1128 sultae,
292 1089 461 1121 interdum
482 1089 585 1122 limbo
609 1090 779 1135 pellucido
806 1092 931 1124 cinctae.
989 1092 1092 1125 Color
1115 1091 1242 1125 viridis.
1293 1091 1482 1125 Substantia
1506 1103 1613 1122 mem-

147 1142 324 1182 branaeea,
352 1143 468 1174 tenuis.
516 1143 647 1175 Aestate
661 1143 738 1185 legi.
787 1144 917 1176 Chartae
936 1145 1091 1177 adhaeret.

93 1249 154 1283 10.
212 1243 258 1279 V.
279 1243 426 1290 pusilla
434 1255 447 1287 ,·
483 1243 550 1278 filis
575 1244 788 1289 eaespitosiS,
816 1245 1052 1290 abbreviatis,
1078 1246 1348 1290 minutissimis,
1375 1243 1611 1290 simplicibus,

15 1313 213 1356 continuis,
236 1314 376 1357 apicem
394 1324 517 1347 versus
533 1313 749 1348 incrassatis.

64 1380 219 1414 Habitat
237 1381 282 1415 ad
298 1393 384 1415 saxa
398 1380 529 1416 littoris
545 1381 748 1416 Faeroensis
763 1382 802 1416 in
821 1383 1000 1427 superiori
1015 1383 1175 1417 refluxus
1193 1382 1317 1426 limite,
1333 1386 1374 1416 ut
1392 1382 1435 1415 ad
1446 1380 1612 1427 Qvalbtje

15 1447 195 1491 Suderiie,
216 1454 253 1484 et
269 1451 314 1484 ad
333 1449 484 1497 Eldevig
503 1445 672 1494 Osteree,
698 1450 797 1484 haud
809 1449 989 1497 freqvens.

60 1531 185 1564 DESC.
235 1532 403 1577 Caespituli
421 1534 602 1575 aggregati,
630 1546 704 1565 saxa
721 1534 884 1565 maritima
903 1534 1006 1566 denso
1032 1534 1197 1578 viridiqve
1221 1531 1382 1566 velamine
1409 1533 1610 1574 obtegentes,

148 1583 266 1617 lineam
283 1599 381 1617 unam
398 1586 573 1619 alteramve
590 1586 693 1628 longi.
742 1587 813 1619 Fila
831 1600 869 1619 ex
888 1587 1001 1619 cadem
1017 1588 1087 1619 basi
1109 1587 1253 1631 plurima
1283 1586 1451 1622 exeuntia,
1478 1585 1611 1630 simpli-

149 1638 214 1676 cia,
241 1638 395 1677 flaccida,
420 1639 590 1678 tubulosa,
617 1641 790 1675 continua,
817 1641 888 1672 basi
905 1650 1087 1680 attenuata,
1113 1641 1206 1685 apice
1227 1640 1404 1671 incrassata
1427 1648 1458 1670 et
1484 1640 1610 1671 obtusa.

147 1691 255 1722 Massa
272 1691 399 1723 interna
412 1693 596 1735 grauulosa,
612 1693 738 1731 viridis,
754 1694 807 1726 hic
825 1694 893 1725 illie
912 1694 1063 1726 desinens
1079 1693 1292 1737 geniculaqve
1303 1693 1419 1737 spuria
1436 1694 1611 1724 mentiens.

149 1743 252 1776 Color
276 1744 400 1777 xiritlis.
444 1746 631 1777 Substantia
655 1748 773 1779 tenuis.
821 1748 961 1780 Aestate.

61 1807 154 1841 OBS.
202 1809 241 1840 In
262 1808 384 1840 fabrica
401 1810 530 1840 interna
547 1822 621 1841 cum
637 1810 677 1841 ad
695 1811 935 1854 praeeedcutem
953 1811 1089 1851 accedit,
1116 1812 1262 1856 primum
1278 1809 1422 1848 credidi,
1450 1821 1520 1840 eam
1536 1821 1613 1841 mo—

148 1860 191 1892 do
219 1874 286 1892 esse
311 1870 428 1892 statum
454 1864 520 1902 ejus
542 1862 737 1903 juveniltmg
773 1863 830 1895 sed
855 1877 956 1907 qvum
981 1864 1061 1896 locis
1084 1865 1218 1908 qvidem
1241 1863 1361 1895 dissitis
1388 1874 1458 1893 cam
1482 1875 1611 1906 semper

150 1913 286 1945 cansſtrn
308 1927 437 1946 sci-vare
461 1923 615 1946 staturam
639 1915 799 1958 pumilam
823 1916 900 1948 (lein
928 1917 1170 1957 observassem,
1211 1925 1247 1948 ut
1270 1916 1446 1960 propriam
1468 1916 1611 1960 speciem

150 1979 219 1998 eam
236 1980 426 2012 proponere
445 1980 513 1999 nou
529 1966 686 1999 dubitavi.

93 2075 150 2108 11.
212 2069 254 2101 Γ.
275 2070 474 2114 aqvcchca,
510 2070 576 2103 filis
604 2071 818 2115 caespitosis,
853 2071 1030 2117 hyalinis,
1067 2071 1337 2114 minutissimis,
1375 2068 1609 2114 simplicibus,

17 2136 117 2181 apice
142 2137 211 2171 clm
222 2139 287 2170 atis
315 2138 503 2184 fuscisqx‘e.

151 2203 249 2237 [ᾖα-εἰς
270 2208 409 2237 aqvalica
431 2206 467 2230 Fi,
493 2204 517 2230 (l.
540 2203 608 2230 Tal).
631 2206 690 2238 896.

150 2255 348 2281 I‘ltceslzimmel
374 2256 474 2282 Msiller
495 2257 522 2282 iu
544 2257 615 2283 Nov.
637 2258 693 2283 Act.
714 2257 796 2284 Hafa.
818 2267 868 2292 pro
890 2267 963 2283 anno
985 2264 1060 2292 1788.
1080 2257 1143 2284 Vol.
1169 2259 1217 2284 111.
1238 2267 1265 2292 p.
1290 2262 1329 2288 13.

16 2319 169 2354 Hatjiai
186 2322 229 2354 ml
246 2333 384 2356 muscas
402 2324 438 2357 in
455 2336 543 2370 aqva
559 2329 751 2367 emortuas,
771 2323 923 2358 Miiller.
943 2323 1146 2358 —Ibidem
1165 2324 1211 2357 ad
1229 2322 1500 2367 Hofmansgave
1520 2320 1612 2354 Fio-

15 2389 187 2433 nialegit
205 2388 547 2438 Il‹›fina.12nBang.
576 2410 620 2416 --
645 2390 702 2426 Ad
720 2392 994 2427 Gasterosteum
1012 2392 1215 2427 aculeatum
1239 2393 1277 2427 in
1302 2391 1385 2425 lacu
1418 2389 1608 2435 subalpino

17 2467 131 2501 prope
146 2458 230 2491 Naes
250 2453 402 2493 Ostesbe
419 2459 556 2494 Faeroae
575 2467 781 2496 emortuum
799 2463 876 2506 ipse
898 2462 979 2496 vidi.

1640 1250 1730 1285 Tab.
1750 1257 1810 1291 22.

1638 2075 1729 2109 Tab.

1750 2081 1770 2114 30

1775 2081 1809 2115 ιο
