1990 2793
493 115 666 154 SECTIO
692 114 858 153 PRIMA.
914 115 1198 153 LAMINARIA.

149 244 152 245 ν
181 223 355 250 Laminaria
372 222 493 249 bulbo-m
517 225 592 251 Lam.
609 223 692 250 Thal.
714 234 740 260 p.
765 233 805 250 22.
828 237 864 244 —-
881 224 928 258 Ag.
946 223 1008 258 Syn.
1026 233 1051 258 p.
1070 230 1109 255 18.

181 276 271 302 Fucur
288 276 422 302 bulbosus
441 276 536 312 Esper.
552 277 588 302 T.
600 282 656 308 123.
678 289 713 295 -—
733 275 811 310 Engl.
830 275 887 302 bot.
907 276 942 302 T.
956 276 1029 310 1760.
1051 292 1079 298 —
1097 276 1185 304 Turn.
1205 275 1268 311 Syn.
1285 284 1312 311 p.
1331 283 1390 303 212.
1409 283 1435 302 et
1448 276 1520 304 Hist-
1537 278 1572 304 T.
1586 279 1644 306 161.

215 346 242 352 -
280 327 446 364 p00⁴scides
461 329 528 355 Ner.
545 328 620 355 britt.
633 329 669 354 Τ.
685 332 711 363 4.
731 344 758 352 -
777 328 877 357 Landt.
904 328 1032 364 descript.
1051 329 1185 356 Faeroens.

213 398 241 404 -
280 382 428 415 palmatus
445 381 535 407 Gmel.
554 382 589 407 Τ.
601 388 642 414 30.

183 434 261 460 Ulva
280 433 401 459 bulhosa
417 433 485 459 Dec.
504 433 529 458 ss.
545 432 577 458 ir.
596 442 620 463 2,
646 443 672 468 p.
694 433 734 460 16·

44 515 199 551 Habitat
214 517 260 551 ad
275 515 409 551 insulas
426 515 457 549 F
458 527 649 562 aeroenses,
675 517 818 552 Landt.

90 610 216 643 DESC.
272 608 376 641 Radix
402 608 648 650 tuberiformis,
684 610 839 652 globosa,
865 610 1090 652 magnitudine
1119 614 1212 657 pyri,
1245 614 1326 658 qvin
1351 612 1467 657 capitis
1495 611 1641 651 infantis,

177 663 264 694 intus
281 674 377 701 cava,
405 663 607 696 extrinsecus
628 665 719 696 fibris
738 665 838 697 dense
855 664 959 696 obsita
976 665 1259 707 horizontalibus,
1285 666 1408 698 lineam
1431 677 1530 696 unam
1558 663 1641 696 altc—

175 728 288 748 ramvc
313 715 441 756 longis,
485 716 603 760 qvibus
630 717 743 763 planta
768 718 907 763 rupibus
934 719 1137 751 tenacissime
1161 719 1316 752 adhaeret.
1381 718 1489 763 Stipes
1510 717 1640 762 planus,

176 771 363 807 coriaceus,
391 768 492 801 semel
513 778 636 808 tortus,
661 771 869 812 longitudine
888 771 1099 816 semipedali,
1127 774 1330 815 marginibus
1353 772 1481 803 inferne
1499 771 1643 812 insigni-

174 833 224 856 ter
241 822 407 855 undulatis
427 823 681 869 fimbriatisqvc.
732 825 864 858 Folium
885 825 1032 870 planum,
1051 838 1188 871 prorsus
1207 839 1343 865 enerve,
1369 824 1562 870 peripheria
1578 823 1643 855 ob-

173 877 312 919 longum
329 877 381 910 vel
406 878 799 918 cordato—rotundatum,
832 880 865 911 in
891 879 1027 912 laminas
1051 884 1070 915 6
1093 880 1135 912 ad
1160 887 1202 916 20
1224 879 1389 925 simplices
1413 877 1641 919 integerrimas

175 931 298 963 fissum.
354 930 552 976 Superficies
578 931 688 972 lrevis5
722 933 756 963 in
780 931 901 977 plantze
922 942 1030 965 tamen
1054 934 1193 974 junioris
1222 933 1396 979 superficie
1419 932 1539 963 adsunt
1563 931 1641 975 pori

172 984 393 1024 minutissimi,
414 998 431 1016 e
449 985 567 1029 qvibus
584 984 848 1029 progrediuntur
866 986 957 1018 fibrae
977 986 1059 1018 albae
1082 986 1297 1019 fasciculatim
1316 994 1488 1028 congcstae.
1532 985 1642 1016 Fruc-

173 1045 224 1068 tus
241 1038 364 1069 semina
379 1037 467 1069 nuda
484 1038 518 1069 in
532 1038 680 1078 margine
698 1038 817 1083 stipitis
835 1039 996 1071 undulato
1011 1063 1019 1078 ‚
1046 1040 1218 1072 interdum
1233 1041 1267 1072 in
1285 1041 1358 1085 ipso
1377 1040 1487 1084 stipite
1506 1037 1645 1082 soliiqve

172 1089 242 1121 basi
266 1091 392 1135 posita,
425 1090 586 1131 oblonga,
612 1090 796 1135 pellucida,
829 1092 922 1124 fibris
947 1092 1028 1124 albis
1055 1093 1263 1137 simplicibus
1288 1094 1423 1137 copiose
1448 1091 1640 1133 interjectis.

173 1142 275 1175 Color
292 1145 417 1175 intense
438 1144 733 1183 olivaceo-viridis,
760 1146 878 1183 nitens,
907 1157 1040 1189 opacus,
1064 1147 1231 1178 exsiccatae
1250 1147 1427 1187 nigricans.
1476 1145 1640 1177 Substan—

1544 126 1591 160 21

172 1197 213 1227 tia
232 1196 352 1227 radicis
371 1205 401 1227 ct
416 1197 535 1241 stipitis
554 1198 719 1236 coriacea,
744 1198 816 1230 folii
838 1198 1066 1239 cartilaginea,
1092 1198 1200 1237 lenta,
1223 1207 1330 1230 tenax.
1379 1199 1550 1231 Perennis.

83 1259 176 1293 OBS.
226 1261 420 1301 Giganteam
446 1260 497 1293 vel
524 1261 696 1294 arboream
721 1262 806 1294 banc
832 1264 976 1307 speciem
998 1262 1209 1308 appellarunt
1235 1264 1436 1308 antiqviores
1466 1262 1641 1304 Algologi3

170 1325 232 1345 nec
248 1314 388 1354 mirum,
412 1323 546 1359 superat
563 1315 651 1346 enim
667 1315 893 1357 magnitudine
910 1318 1012 1349 Lam.
1034 1317 1230 1360 cligitcztam,
1263 1318 1502 1349 saec-harlham.
1521 1325 1552 1347 et
1567 1327 1640 1361 qvae

169 1376 247 1399 sunt
264 1377 369 1400 cetera
388 1368 523 1409 insignis
539 1368 766 1413 amplitudinis
787 1369 1082 1415 Thalassiophyta,
1111 1370 1153 1402 ad
1182 1380 1298 1403 nostra
1326 1371 1438 1403 littora
1465 1370 1581 1409 o}›via;
1609 1377 1641 1401 et

171 1421 333 1452 affirmant
352 1420 434 1453 Cell.
451 1421 635 1465 Liglztfoot
651 1431 682 1454 et
696 1423 899 1454 Stacklzouse
924 1424 957 1454 in
975 1432 1097 1455 tantam
1122 1423 1245 1456 molem
1269 1436 1457 1456 excrescere
1479 1423 1638 1467 plantam,

170 1484 207 1507 ut
223 1474 421 1520 qvandoqvc
436 1475 490 1507 vix
506 1475 652 1507 humeris
669 1477 709 1508 sit
727 1476 930 1508 sustinenda.
949 1479 1160 1509 —Praetcrca
1178 1479 1369 1510 auctoritate
1386 1478 1466 1510 Rev.
1484 1476 1639 1515 Landtii,

171 1529 227 1573 qvi
244 1529 285 1561 ad
300 1528 421 1561 insulas
439 1528 629 1561 Faeroenses
645 1529 730 1561 hanc
756 1531 899 1575 speciem
922 1543 955 1563 se
981 1532 1144 1563 invenisse
1167 1540 1320 1570 testatur,
1350 1531 1385 1562 in
1410 1542 1445 1561 ca
1468 1528 1638 1571 alleganda

169 1583 264 1614 nixus
282 1594 363 1614 sum.
413 1583 487 1626 Ipse
505 1594 576 1614 eam
591 1582 637 1614 ibi
653 1595 722 1615 non
739 1583 825 1623 vidi3
853 1584 911 1616 sed
929 1583 1047 1617 incolae
1062 1585 1181 1616 harum
1198 1584 1380 1616 insularum
1406 1583 1447 1615 de
1468 1582 1637 1614 radicibus

170 1635 252 1667 Fuci
264 1660 272 1675 ,
297 1634 449 1676 globulos
468 1647 603 1677 magnos
621 1636 858 1676 referentibus,
885 1639 939 1682 qvi
957 1647 1105 1683 tempore
1121 1638 1264 1682 hyemali
1280 1639 1314 1670 in
1328 1637 1440 1669 littora
1459 1636 1640 1677 ejicieban-

173 1695 245 1722 tur.
269 1697 463 1728 narrarunt3
490 1697 522 1720 et
545 1701 620 1721 cum
639 1688 709 1721 haec
732 1689 803 1730 alga
830 1690 871 1722 ad
898 1704 971 1723 oras
999 1691 1116 1723 Scotiae
1143 1693 1316 1736 provenit,
1344 1691 1478 1723 assertio
1503 1689 1637 1722 illorum

172 1739 369 1771 verosimilis
385 1749 449 1779 est3
476 1754 576 1785 qvare
593 1741 703 1775 nullus
721 1743 856 1784 dubito,
882 1745 960 1789 qvin
979 1745 1065 1776 inter
1081 1754 1210 1777 nostras
1228 1746 1270 1777 sit
1286 1743 1552 1784 annumeranda3
1579 1743 1638 1775 sed

169 1792 286 1824 Fames
313 1791 507 1835 bisul-catus
528 1795 640 1826 Gwm.
667 1797 854 1830 testimonio
878 1799 980 1843 ipsius
1006 1799 1085 1830 Rev.
1113 1799 1192 1837 viri,
1220 1797 1310 1843 qvod
1331 1798 1373 1830 ad
1393 1797 1637 1843 praecedentem

170 1847 314 1890 speciem
332 1858 440 1890 nuper
456 1845 573 1886 citavi,
600 1847 642 1879 ad
660 1848 903 1882 Lamitmriam
922 1852 1106 1895 digitatam
1122 1852 1290 1896 pertinere
1306 1851 1489 1883 censendus
1508 1858 1565 1882 est.

113 1953 147 1987 3.
202 1947 250 1982 L.
268 1946 491 1980 saccharina
500 1959 514 1990 ,·
541 1949 662 1993 stipite
679 1954 807 1994 terete,
835 1953 935 1996 apice
953 1963 1113 1997 expanso
1128 1953 1166 1985 in
1180 1951 1310 1986 folium
1329 1951 1630 1986 lineari—lanceo-

34 2014 159 2061 latum,
181 2017 466 2061 integerrimum,
486 2017 679 2051 indivisum
692 2022 715 2063 3*
729 2019 925 2053 seminibus
940 2022 1073 2065 sparsis
1091 2020 1151 2055 hic
1167 2020 1240 2054 illic
1260 2019 1349 2055 folio
1367 2022 1511 2055 innatis.

167 2111 340 2136 Laminaria
358 2109 533 2136 saccharina
551 2111 626 2137 Lam.
645 2111 727 2137 Thal.
741 2122 769 2148 p.
782 2122 822 2139 22.
843 2128 877 2134 —
895 2114 943 2149 Ag.
960 2114 1021 2150 Syn.
1039 2127 1065 2152 p.
1086 2125 1126 2151 17.

167 2163 257 2189 Fucus
272 2162 461 2188 saccharinus
481 2162 542 2188 Lin.
562 2178 595 2183 —
617 2164 704 2189 Turn
724 2164 787 2199 Syn.
807 2175 833 2192 n.
851 2172 892 2198 37.
921 2174 947 2192 et
970 2168 1040 2195 Hist.
1059 2170 1093 2195 T.
1120 2169 1176 2201 163.
1197 2181 1231 2188 —-
1255 2168 1345 2195 Gmel.
1373 2169 1407 2195 T.
1426 2172 1466 2198 28.
1495 2167 1538 2202 fig.
1557 2176 1578 2195 ι.
1599 2180 1633 2186 —-

231 2198 297 2232 Esp.
315 2198 350 2222 T.
366 2203 406 2230 24.
424 2199 465 2230 56.
487 2211 521 2218 —
541 2198 577 2223 Fi.
594 2208 668 2225 uorv.
692 2208 712 2228 1,
731 2206 772 2231 52.
794 2214 827 2220 —
848 2200 962 2228 Olafsen
990 2204 1020 2231 it.
1038 2204 1079 2230 isl.
1098 2213 1126 2239 p.
1143 2209 1203 2240 443.
1226 2217 1260 2224 —
1279 2205 1462 2231 Homemann
1479 2201 1507 2229 ss·
1526 2211 1583 2229 oec-
1602 2211 1629 2236 pa

232 2240 291 2265 927.
315 2246 349 2251 —
369 2232 461 2258 Strfim
479 2232 595 2259 Siindm.
616 2243 643 2258 n.
664 2243 702 2260 12.
728 2249 762 2254 -
782 2236 882 2270 Zoega.

172 2284 249 2309 Ulva
266 2285 441 2310 saccharitza
462 2285 530 2311 Dec.
552 2284 576 2310 ssv
594 2284 625 2312 fr.
644 2294 667 2315 2,
684 2295 709 2322 p.
733 2293 771 2319 ¹5·

186 2350 220 2355 —
261 2336 432 2371 longissima
450 2337 475 2365 ss.
492 2347 569 2366 norv.
584 2347 608 2368 2,
634 2347 663 2373 p.
681 2345 738 2371 128.
762 2340 833 2366 Tab.
851 2349 875 2376 7.
896 2340 939 2376 fig.
961 2350 987 2370 2.

167 2386 238 2422 Kyll.
260 2387 349 2414 Virid.
376 2399 402 2424 p.
421 2391 462 2424 46.
488 2401 515 2416 n.
534 2400 556 2417 1.

83 2467 128 2516 β)
152 2469 315 2513 bullata,
342 2471 472 2508 fronde
485 2474 641 2521 bullata,
668 2476 892 2525 marginibus
911 2476 1107 2514 undulatis.

1684 1953 1776 1989 Tab.
1800 1959 1834 1996 5.
