1990 2793
373 125 543 161 sEc'rlo
578 122 812 159 SECUNDA.
874 123 1241 160 oscILLAToRIA.
1494 132 1545 168 37

19 235 172 269 Habitat
192 234 229 268 in
245 232 359 267 fundo
375 232 503 266 limoso
524 232 721 275 fossarum,
747 232 967 276 piscinarum
989 237 1024 265 et
1047 231 1369 266 rivulorum'lente
1394 232 1594 278 fluentium,

19 303 176 346 impuras
195 313 298 346 aqvas
316 300 521 335 vehentium
532 326 541 344 ,
567 301 711 334 demum
727 311 824 345 aqvae
851 299 1051 345 superficiei
1066 302 1250 343 innatans,
1276 304 1331 333 sat
1348 299 1526 346 freqvens.

21 413 25 416 .
65 383 188 416 DESC.
236 383 382 415 Stratum
404 394 602 427 expansum,
636 381 893 414 indeterminatae
917 382 1164 423 magnitudinis,
1190 380 1345 426 palmaris
1369 394 1453 426 saepe
1479 392 1592 414 exten-

150 437 268 473 sionis,
291 445 430 468 saturate
445 444 475 466 et
490 435 628 467 obscure
644 434 767 474 viride,
796 435 1000 476 longissimos
1017 435 1125 466 radios
1145 436 1237 466 brevi
1265 443 1411 479 tempore
1433 437 1592 475 emittens,

150 489 313 521 substrato
338 489 455 521 limoso
480 488 780 532 superincumbens.
842 487 913 519 Fila
937 488 1114 531 simplicia,
1147 488 1318 525 continua,
1350 487 1500 531 pollicari
1526 488 1593 520 sere

149 541 370 583 longitudine,
395 542 523 577 stricta,
546 549 654 578 reeta,
690 542 783 585 apice
799 541 932 579 obtusa,
959 540 1157 578 oscillainia,
1186 533 1337 571 citissime
1360 541 1393 571 in
1413 539 1594 582 longitudi-

150 606 224 625 nem
239 594 466 626 excrescentia.
505 593 598 625 Striae
616 593 844 625 transversalcs
865 593 1034 631 distinctae,
1053 592 1145 624 facile
1163 593 1357 637 conspicuzc,
1385 592 1594 633 densissimae,

148 646 322 690 parallelae.
370 646 545 678 Interstitia
562 645 805 689 stibpcllucida„
817 647 1025 684 brevissima,
1053 645 1211 677 diametro
1236 644 1282 676 fili
1299 644 1376 689 Splo
1397 647 1592 687 angustiora.

150 698 251 730 Color
268 700 359 730 strati
386 698 588 737 atroviridis,
615 697 747 730 filorum
763 697 961 730 radiantium
976 697 1199 731 coerulescens
1210 722 1221 736 ‚
1246 697 1297 730 vel
1313 698 1593 740 obscure-viridis.

150 752 235 783 Vere
250 760 279 782 et
298 760 426 789 aestate,
474 751 600 782 Chartae
617 760 703 782 arcte
721 751 875 783 adhaeret.

65 810 154 842 OBS.
204 809 274 841 Fila
290 810 384 851 hujus
401 810 525 851 generis
542 811 698 841 continua
715 809 778 841 dici
794 819 933 853 possunt
945 834 952 847 ,
980 809 1141 854 siqvidem
1161 809 1272 841 annuli
1289 810 1407 841 interni
1428 818 1595 842 transver-

148 863 228 895 sales
242 887 249 901 ,
276 864 330 907 qvi
352 871 504 907 tanqvam
521 863 552 893 in
573 861 727 904 singulari
743 862 856 894 tubulo
878 863 1027 895 interiori
1045 862 1234 894 densissime
1258 863 1419 906 compacti
1437 872 1528 901 sunt,
1553 864 1595 895 ad

148 925 321 960 utrumqve
338 916 383 947 fili
400 916 577 957 marginem
594 916 734 959 spatium
763 913 966 959 pellucidum
992 916 1184 947 continuum
1208 914 1407 958 relinqvunt.
1431 932 1472 938 ·—
1497 917 1596 947 Cete-

147 981 220 1000 rum
235 970 375 1013 species,
402 968 442 1000 de
460 981 521 1012 qva
544 969 597 999 hic
612 967 795 1011 loqvimur,
823 968 849 999 si
867 968 986 999 chartae
1003 969 1063 1000 sub
1087 979 1168 1012 aqva
1190 968 1388 1011 imponitur,
1414 967 1527 1008 celere}
1541 969 1599 1000 in-

149 1030 351 1052 crementum
369 1022 473 1066 capit,
501 1029 532 1052 et
548 1020 600 1052 fila
617 1020 788 1064 pollicaria
806 1030 837 1051 et
853 1020 937 1052 ultra
965 1034 1026 1065 per
1044 1032 1141 1052 unam
1160 1030 1291 1052 noctem
1305 1021 1451 1051 emittere
1467 1029 1596 1065 potest3

151 1075 219 1105 haec
236 1073 288 1105 fila
304 1074 363 1105 sub
378 1073 463 1105 lente
477 1075 596 1104 mirum
612 1074 645 1104 in
665 1074 800 1105 modum
818 1073 968 1105 oscillant
984 1073 1035 1105 vel
1057 1086 1125 1105 sese
1143 1074 1312 1112 moutam,
1344 1072 1441 1116 idqvc
1464 1074 1497 1104 in
1520 1086 1594 1105 om-

148 1139 204 1157 nes
222 1135 330 1170 partes
346 1135 376 1158 ct
392 1126 604 1165 directiones,
628 1127 682 1158 vix
708 1135 814 1157 autem
835 1126 960 1167 singula
986 1126 1130 1158 solitarie
1145 1150 1154 1164 ,
1188 1125 1243 1157 scd
1271 1138 1335 1156 una
1361 1127 1430 1157 vice
1454 1125 1520 1157 duo
1545 1126 1596 1158 vel

148 1178 242 1222 plura
259 1180 397 1210 invicem
413 1179 497 1210 hauc
517 1178 688 1210 oscillaudi
705 1180 770 1209 vim
786 1187 949 1210 exserunt.
999 1178 1067 1209 Cel.
1090 1178 1304 1210 [samber-ius
1328 1179 1361 1208 in
1387 1190 1422 1208 ea
1448 1187 1494 1209 cst
1519 1179 1593 1222 opi-

149 1232 264 1265 nionc,
288 1231 523 1262 Oscillatorias
544 1231 585 1262 ob
604 1231 688 1262 hanc
706 1230 891 1262 facultatem
917 1230 958 1261 ad
984 1243 1120 1272 regnum
1145 1229 1282 1261 animale
1306 1231 1488 1273 pertinere,
1516 1231 1595 1274 qvin

149 1284 245 1314 ctiam
261 1287 300 1319 de
318 1285 422 1327 capite
440 1296 551 1316 earum
571 1292 608 1329 et
628 1284 728 1315 cauda
753 1283 889 1315 disserte
910 1282 1066 1327 loqvitur.
1119 1281 1187 1314 Cel.
1210 1282 1430 1325 Agczrcllzius‚
1463 1283 1517 1326 qvi
1542 1282 1595 1314 fila

149 1336 308 1368 nonnulla
324 1336 405 1368 vidit
422 1337 455 1368 in
483 1336 634 1378 globulos
654 1336 814 1369 levissime
840 1336 1039 1369 cohaerentes
1063 1335 1170 1374 abire,
1199 1347 1298 1379 eaqve
1325 1347 1342 1365 c
1367 1343 1468 1367 strato
1492 1335 1595 1366 libera

149 1398 240 1421 motu
258 1398 406 1434 reptante
424 1402 525 1422 curvo
541 1398 572 1422 et
588 1389 767 1422 lentissimo
791 1391 825 1421 in
842 1402 924 1433 aqva
939 1402 1006 1420 sese
1031 1387 1234 1432 producere,
1262 1387 1382 1426 credit,
1413 1400 1447 1418 ea
1469 1389 1502 1419 in
1525 1388 1595 1419 aliis

147 1443 220 1475 vitae
237 1443 440 1487 temporibus
458 1456 525 1475 esse
542 1442 751 1483 vegetabilia,
776 1443 810 1474 in
828 1442 897 1473 aliis
915 1454 982 1473 esse
1001 1440 1162 1472 animalia.
1206 1441 1276 1481 Ego
1303 1441 1455 1484 eqvidem
1478 1441 1517 1472 de
1534 1441 1594 1472 hac

149 1507 195 1531 re,
217 1508 286 1539 qvae
304 1495 427 1528 altioris
446 1505 493 1528 est
510 1496 681 1537 indaginis,
708 1495 835 1527 nullum
852 1495 939 1526 ferre
953 1493 1057 1526 audeo
1076 1494 1276 1534 suffragium.
1324 1493 1401 1526 Udi
1417 1503 1502 1525 certc
1520 1507 1594 1525 1110-

150 1548 309 1579 tiunculas
324 1549 398 1580 istas
415 1550 474 1581 sub
491 1549 578 1580 lente
592 1549 731 1579 maxime
752 1557 887 1589 augente
909 1547 997 1579 haud
1021 1559 1129 1587 raras:
1160 1546 1218 1578 sed
1240 1546 1315 1578 inde
1340 1546 1386 1577 nil
1409 1549 1488 1578 certi
1512 1560 1595 1579 con-

149 1599 280 1632 cludere
296 1600 387 1640 licet,
413 1602 574 1646 siqvidem
596 1610 702 1633 motus
720 1613 810 1645 aeqve
835 1600 975 1632 mirandi
1000 1609 1030 1631 et
1053 1599 1298 1643 inexplicabiles
1323 1600 1355 1630 in
1377 1599 1497 1643 plantis
1521 1601 1596 1644 qvi—

150 1652 286 1684 busdam
302 1653 562 1697 phanerogamis,
589 1667 618 1686 v.
638 1667 665 1685 c.
682 1654 863 1697 Iledysaro
876 1659 1039 1697 gyrante,
1061 1651 1376 1684 animadvertuntur.
1426 1652 1517 1686 Sunt,
1541 1653 1595 1696 qvi

151 1705 300 1744 credant,
327 1706 410 1737 hanc
426 1706 663 1739 oscillationem
680 1705 762 1741 luci,
790 1719 859 1751 qva}
878 1707 910 1737 in
932 1705 985 1737 fila
1002 1706 1067 1736 vim
1085 1718 1175 1736 suam
1201 1706 1336 1741 exserit,
1363 1705 1495 1735 attribui
1513 1717 1594 1748 pos-

152 1770 202 1794 se:
234 1766 391 1802 praeterea
414 1771 482 1790 non
505 1759 704 1800 negandum,
740 1758 913 1791 nonnullas
937 1758 1069 1790 filorum
1094 1757 1312 1789 oscillationes
1334 1758 1596 1789 motitationibus

154 1823 262 1854 aqva),
289 1823 305 1841 a
321 1810 481 1842 levissima
501 1812 719 1843 observatoris
739 1812 955 1855 respiratione
971 1812 1068 1847 ortis,
1096 1810 1237 1842 adscribi
1255 1810 1393 1846 (leheim-3
1421 1810 1509 1853 qvod
1535 1822 1594 1840 au-

154 1872 216 1894 tem
232 1875 291 1906 per
307 1863 592 1906 prolongationem
608 1863 661 1895 fila
677 1877 710 1895 se
725 1865 885 1901 motitant,
912 1863 945 1894 id
960 1863 1050 1894 nulla
1066 1872 1114 1894 est
1130 1863 1302 1898 oscillatio,
1328 1864 1384 1895 sed
1402 1862 1500 1894 modo
1520 1874 1597 1893 cre-

151 1917 271 1947 scentia
287 1915 435 1947 dicenda.
480 1917 632 1947 Ceterum
652 1929 719 1948 11011
737 1917 889 1947 omnibus
905 1916 1001 1955 hujus
1018 1916 1143 1956 generis
1169 1916 1359 1958 speciebus,
1385 1915 1441 1946 sed
1469 1915 1593 1946 solum-

151 1968 251 2000 modo
267 1969 315 2004 iis,
343 1981 412 2012 qvxe
429 1969 488 2002 sub
505 1970 610 2012 prima
626 1969 687 2000 hac
701 1968 924 2000 subdivisione
940 1969 1161 2005 continentur,
1185 1969 1251 1998 ista:
1269 1967 1486 1998 oscillationes
1503 1979 1596 1998 com—-

152 2029 284 2065 petunt,
311 2020 449 2065 ideoqve
465 2021 533 2052 Cel.
548 2021 751 2064 Agarclhzjus
766 2021 991 2052 Oscillatorias
1006 2021 1039 2050 in
1055 2032 1146 2051 veras
1174 2029 1205 2051 et
1219 2020 1362 2064 spurias,
1391 2031 1460 2064 qvae
1486 2019 1596 2051 forsan

150 2073 316 2117 peculiare
332 2085 431 2114 genus
450 2075 646 2105 constituere
661 2083 812 2118 possent,
834 2074 895 2105 rite
914 2073 1070 2105 distinxit.

93 2180 127 2213 2.
183 2175 224 2208 Ο.
249 2174 358 2220 nigra
367 2186 381 2217 ,-
415 2175 480 2209 filis
508 2175 747 2219 simplicibus,
782 2174 1197 2219 griseo-Iuteseentibus,
1217 2174 1413 2215 intricans,
1438 2184 1457 2205 e
1481 2178 1593 2205 strato
1621 2172 1711 2206 Tab.
1733 2172 1792 2210 26.

21 2243 123 2286 nigro
140 2241 279 2276 lubrico
300 2242 406 2288 longe
427 2243 666 2287 radiantibus,
693 2243 837 2287 rigidis,
861 2244 978 2276 rectis.

154 2315 340 2341 Oscillatoria
359 2320 444 2351 nigra
463 2317 568 2344 Vauch.
589 2327 616 2352 p.
641 2325 697 2352 192.
718 2316 787 2342 Tab.
813 2322 851 2348 15.
873 2316 915 2351 fig.
936 2320 963 2348 4.
981 2329 1015 2335 -
1035 2317 1082 2351 Ag.
1102 2317 1170 2342 Dec.
1191 2324 1215 2346 2,
1236 2325 1262 2342 11.
1288 2321 1326 2346 ¹8·
1356 2321 1382 2339 et
1402 2313 1464 2348 Syn.
1486 2322 1513 2348 p.
1537 2318 1594 2344 103.

23 2385 172 2419 Habitat
187 2387 231 2420 in
239 2387 365 2421 rivulis
379 2387 476 2424 lente
488 2389 681 2423 fluentibus
700 2389 746 2423 ad
760 2385 942 2422 officinam
957 2387 1150 2423 ferrariam
1163 2387 1247 2422 Naes
1266 2386 1474 2430 Norvegiae‚
1494 2395 1595 2429 aqvae

22 2463 87 2498 sup
92 2453 221 2488 erficiei
238 2457 401 2490 innatans
408 2482 415 2489 .
