1990 2793
802 107 1079 144 PRAEFATIQ
1707 120 1790 146 xnr

57 221 202 265 etiam
234 231 334 262 non
361 217 427 260 ita
451 212 742 274 multo'post
769 211 1228 266 animadvertebam,
1278 210 1364 254 has
1388 208 1577 270 plantas
1604 226 1660 255 ex
1683 209 1841 259 fructu

55 293 160 338 solo
189 294 238 336 in
263 289 481 336 ordinem
498 289 711 350 redigere
734 302 834 331 esse
855 282 1187 330 difficillimum
1206 283 1360 339 factu,
1396 294 1441 327 et
1455 281 1553 328 fere
1572 284 1739 330 inutile
1761 303 1842 332 co-

54 383 250 421 namen3
281 365 439 409 sciunt
465 364 592 408 enim
611 376 797 417 omnes,
836 359 1004 421 qvibus
1029 356 1459 420 Hydrophytorum
1482 359 1695 420 cognitio
1721 376 1842 405 curae

53 440 167 497 fuit,
199 439 402 484 fructum
429 438 479 480 in
505 434 608 479 aliis
632 432 851 479 nondum
878 449 979 478 esse
1002 431 1260 487 detectum,
1297 441 1342 475 et
1360 431 1504 494 igitur
1524 430 1681 476 adhuc
1698 431 1843 494 plane

54 517 296 578 ignotum3
335 511 619 573 qvibusnam
644 510 788 572 igitur
813 509 864 551 in
881 507 1002 552 10015
1023 498 1138 550 tales
1164 504 1339 566 plantae
1361 503 1542 549 steriles
1562 505 1692 564 juxta
1717 506 1844 553 fruc-

54 600 157 633 tum
191 586 470 642 militarent,
528 582 579 628 id
607 581 826 628 nondum
863 592 993 626 certo
1025 579 1211 624 definiri
1236 590 1424 641 posset,
1483 577 1567 623 sed
1595 578 1655 623 ad
1689 597 1843 629 meras

57 663 379 721 conjecturas,
429 675 487 703 ex
514 656 756 719 Anologia
779 654 972 699 habitus
1001 654 1246 699 exterioris
1278 663 1476 709 sumtaS,
1521 651 1607 697 sed
1632 652 1842 713 fallaces,

53 746 178 780 esset
203 731 549 797 refugiendum.
617 732 852 776 Praeterea
878 727 1058 773 fructus
1085 730 1135 771 in
1172 727 1274 771 aliis
1305 738 1375 771 est
1398 728 1686 782 rarissimus3
1728 728 1844 775 111110

53 810 213 870 itaqve
238 805 458 864 efficitur,
490 817 566 862 ut,
600 806 640 850 si
660 821 717 849 ex
740 803 899 848 fructu
918 801 1172 864 dispositio
1191 799 1319 846 facta
1345 802 1423 856 sit,
1462 811 1589 862 tyro,
1625 804 1757 862 cujus
1776 815 1846 848 ta-

54 899 166 928 men
193 884 244 925 in
268 897 406 925 usum
433 880 698 941 praeprimis
728 877 975 923 elaborata
1006 887 1148 927 esset,
1190 891 1362 938 parum
1388 873 1500 920 inde
1521 874 1737 921 utilitatis
1768 894 1845 922 ca-

53 967 208 1019 peret,
246 971 354 1000 cum
372 956 494 998 inter
513 952 720 1014 plurima
744 952 1010 1013 specimina
1037 949 1182 1005 lecta,
1227 949 1467 993 interdum
1491 951 1570 994 vix
1601 966 1656 994 ac
1680 967 1740 996 ne
1767 954 1845 998 vix

57 1028 249 1091 qvidem
273 1029 471 1072 unicum
497 1024 794 1070 fructiferum
829 1025 1078 1068 inveniret.
1149 1024 1268 1067 Sunt
1293 1039 1441 1084 porro
1470 1023 1720 1081 nonnulla,
1763 1043 1847 1072 ne-

57 1119 148 1163 qve
173 1104 240 1146 ita
266 1116 426 1163 pauca
452 1115 652 1144 numero
685 1115 742 1143 ex
769 1096 1286 1158 Thalassiophytorum
1317 1112 1479 1159 grege,
1536 1114 1634 1158 qvae
1662 1097 1845 1161 duplici

54 1173 423 1220 fructificatione
453 1173 714 1235 gaudeant,
758 1172 934 1232 partim
963 1169 1171 1231 capsulis
1201 1172 1405 1213 externis
1439 1171 1692 1223 instructa,
1734 1190 1846 1235 par-

52 1250 141 1293 tim
169 1247 431 1293 seminibus
458 1249 599 1293 nudis
628 1243 791 1291 frondi
813 1243 889 1290 vel
920 1243 1139 1306 apicibus
1167 1242 1461 1288 ramulorum
1490 1246 1664 1290 innatis
1674 1263 1686 1301 3
1735 1265 1846 1309 qva-

52 1338 160 1368 111111
193 1323 337 1385 igitur
364 1324 488 1366 inter
516 1321 828 1382 Crytogamas
865 1320 988 1363 ratio
1025 1316 1193 1363 eadem
1225 1328 1316 1368 est,
1372 1332 1427 1362 ac
1456 1319 1846 1383 Polygamiarum

0 1383 4 1392 ’
52 1397 179 1441 111101
212 1396 616 1458 Phanerogamas.
688 1394 808 1437 Utra
842 1391 1012 1437 harum
1041 1393 1185 1456 igitur
1215 1391 1641 1438 fructificationum
1673 1393 1846 1442 funda-

53 1471 203 1515 menti
221 1471 370 1514 instar
388 1468 638 1514 divisionis
659 1465 880 1530 eligenda
901 1468 999 1511 est?
1029 1468 1120 1511 Fac
1141 1465 1385 1527 capsulas;
1417 1467 1511 1526 jam
1530 1484 1643 1512 vero
1657 1502 1672 1525 7
1707 1472 1746 1514 si
1765 1470 1846 1515 Al-

54 1543 234 1607 gologo
265 1542 388 1588 forte
419 1543 616 1589 obvium
642 1540 785 1585 fuerit
815 1540 1058 1602 exemplar
1076 1540 1348 1597 ¹seminibus
1377 1539 1517 1585 nudis
1545 1544 1842 1602 instructum,

55 1619 108 1660 in
127 1616 321 1673 eodem,
369 1633 460 1678 qvo
486 1627 647 1671 antea,
690 1614 930 1660 haesitaret
953 1613 1077 1670 luto,
1114 1630 1204 1659 nec
1222 1614 1424 1658 multum
1452 1631 1509 1659 ex
1536 1615 1617 1659 tali
1639 1619 1846 1680 disposi-

55 1691 190 1734 tione
221 1690 486 1751 proficeret.
565 1691 808 1750 Deniqve,
863 1691 903 1734 si
931 1688 1252 1751 Hydrophyta
1284 1690 1415 1748 juxta
1449 1688 1656 1734 fructum
1691 1692 1845 1736 distri-

54 1762 280 1818 buuntur,
310 1762 442 1806 haud
461 1779 567 1808 raro
595 1762 782 1819 accidit,
814 1774 867 1807 ut
886 1779 954 1820 ea,
987 1780 1085 1824 qvae
1106 1774 1277 1807 natura
1296 1774 1423 1808 arcte
1445 1765 1707 1824 conjunxit,
1730 1783 1846 1827 pro—

56 1835 136 1881 cul
161 1835 510 1899 disjungantur3
547 1838 638 1887 sic,
674 1847 727 1879 ut
754 1837 1026 1896 exemplum
1051 1835 1263 1893 afferam,
1302 1838 1654 1882 Furcellariam
1681 1850 1846 1884 rotun-

56 1909 174 1953 dam
204 1920 249 1954 et
273 1910 611 1954 lzmzbricalem
640 1920 772 1953 tanta
797 1909 857 1952 ad
880 1925 929 1954 se
958 1911 1166 1954 invicem
1197 1909 1509 1955 similitudine
1537 1910 1730 1957 habitus
1767 1929 1846 1959 ex-

54 1984 243 2028 terioris
263 1983 506 2039 accedere,
543 1995 595 2027 ut
611 1981 686 2028 vel
709 1981 988 2027 difficillime
1008 1998 1035 2026 a
1052 2000 1101 2028 se
1121 1983 1464 2041 discernantur,
1504 1988 1604 2046 qvis
1621 1987 1845 2050 negabit?

55 2059 249 2101 Fructus
270 2069 427 2103 autem
447 2059 645 2102 omnino
673 2055 909 2112 diversus;
943 2069 988 2102 et
1005 2058 1120 2102 item
1140 2058 1410 2120 exemplum
1439 2059 1497 2103 ab
1519 2059 1665 2105 altera
1683 2072 1841 2122 parte:

57 2131 278 2175 Fructum
309 2130 626 2176 Odomhaltoe
651 2130 864 2174 dentatae
901 2142 947 2175 et
978 2132 1261 2193 Gigarcinoe
1289 2132 1527 2194 subsuscae
1556 2150 1606 2178 50
1637 2136 1844 2180 invicem

58 2203 253 2259 referre,
300 2207 400 2266 qvis
425 2221 526 2250 non
552 2203 712 2250 videt?
750 2205 932 2248 Habitu
957 2221 1071 2250 vero
1099 2205 1170 2249 hae
1197 2206 1372 2267 plantae
1402 2205 1523 2252 adeo
1555 2207 1841 2270 discrepant,

57 2288 111 2321 ut
131 2287 375 2338 utramqve
397 2277 458 2322 ad
478 2278 606 2323 idem
622 2294 770 2341 genus
793 2277 987 2334 referre,
1027 2277 1219 2323 cuidam
1239 2281 1319 2323 vix
1338 2296 1547 2342 unqvam
1567 2283 1617 2324 in
1635 2294 1843 2327 mentem

58 2353 231 2395 veniat.
295 2352 426 2411 Qvid
445 2354 588 2416 igitur
611 2354 660 2395 in
678 2353 751 2396 1115
774 2351 1074 2397 faciendum?
1109 2354 1158 2396 Si
1181 2352 1388 2397 fructum
1408 2365 1461 2398 ut
1479 2353 1843 2399 fundamentum

55 2422 308 2470 ‘divisionis
337 2424 575 2488 eligimus,
621 2438 790 2472 contra
815 2438 1035 2472 naturam
1061 2443 1340 2488 peccamus,
1379 2430 1419 2473 si
1445 2427 1684 2485 habitum,
1726 2445 1842 2474 con-
