1990 2793
768 104 1042 141 PRAEFATIO.
1684 117 1744 144 xv

14 215 226 260 sexualia
242 223 439 267 taceam,
471 227 569 273 qvae
585 209 788 255 'omnino
804 207 952 254 latent
961 226 972 264 ;
1007 206 1137 252 nulla
1156 208 1282 252 enim
1304 207 1490 251 ratione
1510 207 1559 249 in
1580 205 1801 253 dividen-

16 287 77 333 do
111 304 167 332 ex
195 287 412 349 partibus
440 301 597 330 rerum
623 281 936 338 difficillimis,
978 281 1053 328 vel
1083 282 1341 345 incognitis
1369 279 1443 325 vel
1467 282 1796 343 inconspicuis

16 362 312 407 characteres
335 358 557 405 sumendi
572 369 703 414 sunt,
741 357 825 402 sed
842 358 1004 418 potius
1029 373 1084 400 ex
1115 355 1390 416 conspicuis
1416 365 1461 399 et
1477 353 1617 399 facile
1638 356 1801 403 obser-

14 434 204 490 vandis3
239 434 352 479 alias
371 435 496 479 enim
521 435 622 478 sine
645 433 927 477 necessitate
952 429 1192 475 difficilior
1209 428 1424 474 redditur
1439 429 1652 485 scientia,
1687 431 1800 490 qvin

17 512 161 555 etiam
185 507 246 552 ad
268 519 443 552 metam
460 507 657 551 minime
683 504 917 568 perducit.
980 505 1029 549 Si
1051 505 1194 566 igitur
1219 502 1335 548 tales
1367 502 1686 559 characteres,
1722 504 1800 564 qvi

19 583 81 628 ad
117 584 304 643 objecta
338 579 825 644 Hydrophytologica
867 576 1207 641 cognoscenda
1249 589 1295 622 et
1334 575 1650 621 discernenda
1695 575 1802 622 ido-

17 674 177 713 neam,
213 654 403 701 facilem
433 667 480 700 et
505 653 695 717 qvidem
713 665 890 699 certam
919 655 1045 697 viam
1074 662 1308 707 sternant,
1347 652 1552 695 inveniri
1580 662 1799 712 possunt,

16 731 88 787 hi,
133 731 219 775 etsi
251 746 307 774 ex
334 728 492 774 fructu
517 745 619 774 non
652 739 922 783 sumantur,
975 725 1326 772 difficilioribus
1361 736 1471 770 sunt
1500 723 1800 786 praeferendi,

16 807 158 866 inqve
184 802 375 860 iisdem,
413 805 452 848 si
471 801 618 848 modo
642 802 776 847 bono
800 813 846 847 et
869 813 998 846 certo
1024 799 1339 845 fundamento
1365 801 1599 855 nituntur,
1632 797 1802 843 luben-

16 890 87 924 ter
108 880 408 939 acqviescere
426 893 704 939 possumus,
737 892 885 937 usqve
908 874 1021 920 dum
1041 874 1262 920 meliores
1289 874 1608 918 inveniuntur.
1672 873 1802 917 Con-

17 964 110 998 stat
128 954 274 1008 enim,
305 945 584 1012 unumqvod
593 967 681 1011 qve
707 961 912 1011 systema
927 961 1105 993 naturae
1118 984 1129 1004 ,
1166 950 1265 993 sive
1284 946 1552 992 universale
1571 948 1671 991 sive
1693 963 1802 1008 spe-

19 1026 162 1082 ciale,
182 1025 413 1089 ,glossarii
436 1026 542 1069 vice
567 1023 701 1087 fungi
726 1022 922 1079 debere,
968 1022 1097 1084 qvod
1121 1022 1251 1067 hunc
1278 1024 1328 1065 in
1348 1020 1492 1065 finem
1519 1019 1800 1076 evolvimus,

17 1111 71 1144 ut
88 1116 187 1144 rem
209 1100 423 1161 ignotam
444 1096 693 1142 divisionis
716 1113 810 1159 ope
832 1097 900 1139 ibi
916 1098 1229 1141 inveniamus.
1305 1093 1514 1154 Qvando
1542 1096 1687 1157 igitur
1710 1110 1797 1149 reS,

19 1190 118 1234 qvae
146 1170 207 1215 ad
232 1170 517 1215 divisionem
544 1172 805 1231 pertinent,
854 1180 983 1214 certa
1010 1171 1200 1214 ratione
1238 1180 1283 1214 et
1320 1184 1506 1213 summa
1538 1166 1800 1231 diligentia,

20 1245 141 1291 adeo
168 1256 221 1289 ut
245 1244 467 1308 analogia
488 1244 665 1311 tibiqve
694 1255 879 1289 servata
907 1246 987 1299 sit,
1024 1246 1073 1287 in
1104 1244 1350 1299 ordinem,
1390 1260 1528 1304 qvem
1557 1241 1800 1305 elegimus,

16 1318 218 1366 redactae
240 1331 370 1374 sunt,
416 1335 670 1381 earumqve
704 1317 874 1364 divisio
907 1317 1263 1363 characteribus
1299 1318 1577 1379 conspicuis
1606 1327 1652 1360 et
1688 1332 1803 1361 con-

19 1393 252 1440 stantibus
278 1395 464 1449 nititur,
504 1395 567 1449 is,
613 1394 690 1453 qvi
720 1409 819 1437 rem
849 1394 1031 1453 qvaerit,
1071 1407 1195 1448 eam,
1229 1393 1268 1436 si
1301 1393 1350 1434 in
1377 1390 1691 1450 dispositione
1723 1389 1804 1435 de-

20 1470 197 1529 scripta
226 1477 397 1523 exstat,
435 1466 576 1511 facile
595 1467 826 1522 inveniat,
869 1482 1065 1510 necesse
1092 1477 1183 1522 est,
1230 1477 1274 1510 et
1295 1464 1355 1509 ad
1383 1465 1717 1510 certitudinem
1744 1466 1806 1508 si-

17 1541 117 1588 mul
140 1543 410 1603 perveniat,
444 1551 656 1603 oportet;
696 1543 756 1596 is,
795 1542 873 1602 qvi
902 1551 970 1585 est
993 1543 1146 1585 omnis
1175 1539 1425 1584 divisionis
1459 1537 1565 1582 finis
1594 1551 1639 1583 et
1662 1550 1802 1584 meta.

22 1615 209 1675 Qvibus
230 1616 372 1659 etiam
392 1616 677 1678 argumentis
700 1626 959 1675 permotus,
994 1617 1141 1659 satius
1165 1613 1281 1658 duxi
1301 1612 1555 1658 utilitatem
1579 1615 1667 1657 arti
1688 1630 1807 1675 prae-

21 1687 164 1743 Ferre,
209 1699 261 1731 et-
276 1690 343 1732 ita
380 1687 580 1744 credidi,
628 1688 983 1733 characteribus
1012 1690 1252 1750 primariis
1290 1705 1347 1733 ex
1378 1687 1548 1731 habitu
1581 1688 1806 1732 exteriori

0 1752 200 1816 sumtis,
231 1760 345 1805 huic
361 1764 567 1806 scientiae
583 1761 790 1807 faciliori
804 1761 1057 1807 reddendae¹
1079 1762 1248 1808 melius
1270 1761 1543 1808 consultum
1566 1763 1638 1817 iri,
1665 1778 1806 1822 qvam

20 1835 209 1899 placitis
230 1833 525 1878 eruditorum
551 1834 608 1878 de
628 1835 786 1880 fructu
809 1837 1164 1898 obtemperatis.
1234 1840 1347 1882 Haec
1373 1852 1488 1880 vero
1523 1837 1686 1879 omnia
1705 1851 1808 1879 non

22 1912 89 1954 ita
114 1919 222 1953 sunt
246 1906 576 1971 intelligenda,
618 1924 672 1953 ac
690 1910 729 1952 si
750 1907 1053 1954 fructificatio
1079 1908 1510 1972 Hydrophytorum
1540 1925 1568 1952 a
1591 1925 1667 1954 me
1691 1925 1808 1954 con-

21 1992 310 2028 temneretur
333 1993 413 2026 aut
433 1981 650 2045 neglecta
673 1983 872 2042 jaceret3
912 1985 962 2026 in
986 1981 1144 2028 fructu
1167 1985 1294 2028 enim
1324 1982 1601 2046 indagando
1627 1995 1673 2028 et
1693 1984 1805 2028 satis

21 2055 287 2102 luculenter
308 2055 597 2117 exponendo
617 2055 747 2100 haud
769 2073 940 2118 parum
969 2073 1044 2101 me
1063 2058 1283 2119 posuisse
1306 2074 1483 2119 operae,
1519 2074 1576 2102 ex
1596 2056 1809 2102 delinea-

21 2130 254 2185 tionibus,
303 2132 353 2173 in
383 2130 550 2190 qvibus
575 2128 753 2174 fructus
780 2130 978 2192 ubiqve,
1027 2132 1112 2176 ubi
1144 2131 1244 2176 fieri
1274 2142 1485 2192 poterat,
1530 2134 1805 2193 apponitur,

22 2204 159 2259 satis,
195 2215 247 2248 ut
265 2219 427 2265 spero,
465 2202 732 2259 illucescet;
768 2203 852 2248 sed
873 2203 923 2248 id
941 2204 1088 2251 modo
1112 2206 1247 2261 volo,
1283 2217 1335 2250 ut
1352 2205 1657 2251 fructificatio
1686 2221 1810 2249 non-

24 2277 137 2321 dum
166 2278 251 2321 rite
284 2279 477 2340 cognita
505 2293 606 2322 non
634 2280 881 2339 primaria,
934 2278 1019 2323 sed
1052 2278 1200 2345 modo
1235 2278 1520 2323 secundaria
1547 2280 1716 2324 divisio
1747 2280 1809 2322 si-

21 2362 233 2397 steretur.
303 2352 488 2412 Scopus
519 2353 665 2407 enim,
700 2351 760 2395 ad
783 2369 920 2413 qvem
943 2364 1130 2414 spectat
1152 2352 1253 2398 haec
1271 2352 1695 2416 Hydrophytorum
1715 2351 1809 2395 dis-

21 2427 228 2487 positio,
257 2426 308 2468 in
328 2441 407 2481 eo,
438 2437 490 2470 ut
513 2426 608 2484 jam
629 2428 783 2489 tetigi,
816 2438 1050 2484 versatur,
1085 2438 1137 2471 ut
1156 2425 1296 2473 labor
1319 2427 1561 2490 exemplar
1585 2430 1805 2489 ignotum
