1990 2793
426 129 498 164 152
634 121 806 156 SECTIO
836 118 1034 166 QVINTA.
1085 117 1316 155 DIATOMA
1338 117 1375 154 8<
1399 117 1709 156 FRAGILARIA.

169 234 262 270 Tab.
285 235 343 274 62.
446 235 480 270 8.
536 229 585 264 D.
603 228 768 261 auritum
776 240 789 270 ,·
822 227 888 262 filis
906 227 1146 272 simplicibus,
1171 227 1303 272 planiS,
1330 228 1473 273 rigidis,
1500 227 1792 273 flavescentibus;
1822 230 1959 264 articu-

368 298 412 333 lis
430 299 607 332 diamctro
631 295 843 342 aeqvalibus,
878 301 961 341 post
983 295 1248 342 copulationem
1276 295 1483 330 alternatim
1504 296 1646 342 solutis3
1672 296 1821 342 singulis
1844 309 1962 343 ungu-

370 368 414 403 lis
442 367 577 401 auritis.

424 469 577 504 Habitat
593 468 638 502 ad
651 467 750 501 littus
768 466 1040 516 Hofmansgave
1055 468 1192 502 Fioniae
1210 468 1248 501 in
1269 467 1434 501 Ceramio
1452 466 1619 513 elongato
1635 466 1800 514 afiisqve,
1836 469 1961 504 rarius.

421 576 544 608 DESC.
593 576 668 607 Haec
686 576 829 619 species,
862 588 932 620 qvae
952 576 1051 610 modo
1073 576 1179 609 obiter
1203 574 1264 605 sub
1286 572 1372 606 lente
1394 575 1476 606 mihi
1499 575 1661 614 occurrit,
1689 574 1733 607 ob
1753 583 1886 606 cunctos
1905 586 1965 606 cu-

506 630 620 672 jusqve
636 627 764 660 articuli
782 629 916 670 angulos
931 629 1102 675 Paululum
1118 636 1292 673 protensos
1308 627 1357 659 vel
1376 629 1508 665 aurito&
1532 628 1628 669 digua
1647 627 1727 659 mihi
1743 628 1809 659 visa
1827 636 1884 665 est,
1905 640 1965 659 cu-

505 683 554 722 jus
573 681 773 712 mentionem
789 681 940 715 facerem.
991 682 1130 715 Articuli
1146 681 1343 712 diametrum
1363 680 1573 721 longitudine.
1589 689 1771 725 aeqvantes,
1802 681 1861 712 sub
1879 679 1965 711 lente

508 733 735 772 flavescentes,
759 743 791 766 et
806 735 948 777 granulis
966 735 1191 768 minutissimis
1208 734 1378 773 rotundis,
1403 746 1491 766 nunc
1509 735 1679 767 cruciatim
1700 746 1787 766 nuuc
1809 733 1967 766 arcuatim

509 786 694 819 inordinate
711 787 879 833 dispositis
898 789 1056 835 adspersi.
1105 789 1229 833 llyeme
1252 787 1372 832 reperi.

828 1124 926 1168 XL.
987 1121 1509 1168 FRAGILARIA.

511 1232 565 1258 Fila
586 1231 736 1262 articulata,
759 1232 849 1268 plana,
870 1233 1014 1270 simplicia,
1035 1233 1187 1268 fragillima,
1215 1233 1335 1260 articulis
1359 1232 1455 1259 solutis
1475 1230 1575 1266 angulo
1598 1239 1655 1256 non
1678 1231 1834 1258 alternatim

1067 1280 1278 1306 cohaerentibus.

180 1383 271 1419 Tab.
291 1384 349 1424 62,
463 1386 495 1418 1.
554 1381 598 1413 F.
612 1378 808 1424 ιῙὶιεειίιΐας
858 1381 924 1416 filis
947 1382 1186 1428 simplicibus,
1222 1382 1354 1426 planiS,
1393 1381 1567 1426 hyalini83
1611 1378 1771 1413 articulis
1794 1380 1968 1415 diametro

375 1447 590 1492 aeqvalibus,
636 1450 756 1483 medio
783 1449 894 1483 fascia
920 1462 1066 1485 rosacea
1099 1451 1250 1495 notatis,
1294 1455 1378 1496 post
1405 1448 1669 1494 copulationem
1697 1447 1968 1483 subalternatim

378 1514 513 1549 solutis.

478 1618 631 1654 Habitat
646 1621 683 1654 in
704 1621 786 1654 sinu
806 1620 1012 1655 Othiniensi
1027 1620 1257 1655 Hutchinsiae
1273 1620 1441 1654 violaceae
1457 1619 1603 1664 aliisqve
1620 1619 1796 1663 insidens,
1823 1631 1914 1653 raro.

426 1718 550 1750 DESC.
595 1719 648 1751 Nl
672 1720 734 1750 nisi
758 1718 896 1751 frustula
914 1720 1010 1760 hujus
1027 1721 1146 1764 speciei
1164 1720 1331 1764 liucusqvc
1349 1719 1444 1752 obvia
1463 1718 1542 1749 mihi
1559 1717 1701 1749 suerunt.
1734 1718 1872 1749 Articuli
1889 1731 1971 1763 qva-

513 1771 615 1805 drati.
642 1781 689 1805 ct,
716 1772 813 1804 fascia
828 1773 960 1805 rosacea
980 1773 1186 1806 transversali
1204 1773 1337 1818 excepta
1349 1796 1357 1811 ‚
1383 1773 1518 1804 omniuo
1535 1770 1670 1816 hyaliui,
1692 1770 1789 1804 nullis
1805 1772 1891 1804 striis
1907 1785 1972 1805 no-

515 1824 582 1856 tati.
631 1825 766 1869 Ilyeme.

187 1974 276 2009 Tab.
298 1977 354 2015 62.
460 1981 491 2014 2.
543 1977 587 2010 F.
603 1976 875 2012 latrzmcularia
885 1990 897 2022 3
926 1977 996 2012 filis
1014 1976 1252 2022 simplicibus,
1283 1977 1415 2021 planis,
1444 1975 1615 2021 hyalinis3
1648 1974 1806 2009 articulis
1831 1976 1970 2009 diame-

384 2050 439 2077 tro
460 2043 543 2088 ‚QpIO
560 2045 800 2090 longioribus,
826 2047 947 2080 medio
964 2051 1099 2092 puncto
1122 2057 1270 2080 rosaceo
1292 2046 1464 2091 qvadrato
1485 2044 1636 2087 notatis,
1664 2048 1747 2088 post
1766 2043 1969 2089 copulatio-

384 2123 469 2145 nem
493 2112 628 2145 solutis.

488 2217 643 2252 Habitat
663 2219 699 2252 in
719 2218 919 2265 Ectocarpo
939 2218 1087 2254 littorali
1106 2219 1253 2266 aliisqve
1270 2221 1308 2254 in
1328 2220 1408 2253 sinu
1432 2217 1647 2252 Ominiensi.

433 2320 554 2352 DESC.
610 2322 762 2354 Frustula
786 2323 918 2355 filorum
940 2323 1098 2355 hactenus
1125 2323 1225 2355 modo
1252 2322 1329 2354 vidi.
1390 2322 1552 2353 Punctum
1583 2319 1776 2365 qvadratum
1803 2331 1970 2353 rosaceum

517 2375 550 2404 in
578 2375 687 2407 modio
715 2376 930 2408 articulorum
953 2377 1163 2408 transversim
1188 2374 1237 2407 vel
1266 2374 1401 2418 obliqvc
1423 2375 1584 2418 positum,
1626 2381 1730 2405 totum
1756 2372 1801 2404 fili
1830 2373 1970 2416 spatium

519 2426 630 2469 qvoad
652 2426 859 2462 latitudinem
879 2442 1054 2474 occupans.
1115 2427 1257 2462 Articuli
1284 2436 1429 2460 ceterum
1451 2426 1594 2471 hyalmi,
1626 2425 1723 2459 nulh's
1744 2426 1831 2458 striis
1857 2426 1968 2457 notati.

520 2478 653 2521 llyeme.
