1990 2793
180 94 295 120 XXIV
888 77 1163 116 PRAEFATIO.

266 183 414 246 Qvod
434 182 495 229 ad
515 198 694 229 nomen
712 179 1208 244 Hydroplzycologz'oe,
1248 178 1377 243 qvod
1397 179 1512 227 huic
1533 181 1700 228 libello
1728 184 1930 245 inscrip-

129 264 183 318 si,
223 262 409 314 attinet,
444 269 621 313 metuo,
655 274 715 301 ne
737 260 788 301 in
805 258 960 303 varias
980 255 1379 318 reprehensiones
1399 257 1624 302 incurrat.
1696 258 1930 320 Suspicor

131 336 282 390 enim,
324 333 444 379 alios
476 332 526 376 id
547 348 647 377 esse
676 332 800 391 justo
835 329 1055 394 longius,
1094 346 1156 374 ne
1185 327 1345 374 dicam
1376 329 1732 393 sesqvipedale,
1777 333 1932 376 dictu-

129 426 224 465 ros,
271 407 406 464 alios,
447 406 619 452 eodem
637 405 825 468 plantas
849 406 1092 466 aqvaticas
1114 403 1515 467 phanerogamas‚
1552 416 1605 449 ut
1621 407 1929 456 Hoccontam,

131 480 520 544 Myrioplzyllum
537 485 619 527 &o
648 497 750 525 non
769 495 871 525 esse
901 478 1136 533 exclusas;
1176 478 1346 539 qvibus
1377 478 1708 541 respondebo,
1751 495 1931 524 nomen

132 557 438 619 Algologioe‚
477 558 654 618 qvippe
675 572 731 601 ex
751 552 1161 600 vocabulolatino
1194 563 1240 597 et
1269 564 1424 615 graeco
1455 555 1804 615 compositum,
1847 569 1930 598 ne-

134 646 223 692 qve
253 630 475 674 omnibus
500 631 710 674 numeris
738 644 839 673 esse
867 626 1140 672 absolutum
1151 644 1161 682 ;
1206 638 1251 671 et
1281 625 1441 688 qvoad
1474 626 1669 672 alteram
1696 626 1931 687 objectio-

131 705 310 749 nemin
330 703 468 748 titulo
496 705 703 766 apposui
720 701 1015 748 vocabulum
1046 712 1396 762 crypcogama,
1433 717 1525 763 qvo
1554 701 1931 765 Plianerogamae

134 777 468 833 excludantur3
491 776 603 822 licet
621 777 721 822 hoec
744 777 1006 837 praecautio
1022 791 1122 819 non
1140 777 1206 820 ita
1225 774 1369 820 fuerit
1388 776 1673 831 necessaria,
1695 773 1932 836 siqvidem

132 851 307 915 plantae
333 853 560 912 aqvaticae
583 850 958 914 Phanerogamae
990 865 1132 911 aqvas
1167 848 1359 911 qvidem
1388 861 1568 905 amant,
1607 847 1693 894 sed
1717 851 1767 892 in
1798 849 1931 910 aqvis

133 927 349 990 generari
369 927 566 987 proprie
589 923 686 968 dici
713 940 813 969 non
841 934 1059 986 possunt.
1127 922 1453 984 Hydroplzyca
1480 925 1625 986 igitur
1652 922 1771 966 mihi
1797 933 1929 967 sunt:

133 1001 327 1045 Plantae
373 1004 619 1063 aqvacc'cae
658 1009 1018 1059 crypcogamoe‚
1082 1015 1207 1042 nunc
1233 996 1497 1059 frondosae
1540 1007 1626 1040 auc
1647 997 1931 1058 fillsomnes,

134 1092 259 1117 nunc
275 1074 579 1135 gelacinosoe.
652 1074 877 1117 Ceterum
893 1072 1187 1117 vocabulum
1204 1081 1377 1132 sponte
1399 1087 1448 1115 se
1466 1070 1585 1114 mihi
1607 1070 1802 1125 obtulit;
1843 1086 1933 1131 po-

134 1159 236 1192 stea
252 1158 411 1192 tamen
441 1147 570 1191 idem
596 1145 787 1190 duobus
814 1148 865 1189 in
894 1146 1088 1203 locis*)‚
1129 1161 1332 1207 qvorum
1358 1145 1502 1207 igitur
1538 1146 1822 1189 auctoritate
1843 1145 1934 1187 niti

136 1238 335 1283 possum
349 1257 359 1277 >
392 1223 487 1280 jam
508 1231 793 1281 usurpatum
817 1218 931 1264 vidi.

268 1295 341 1339 Ad
369 1294 551 1339 calcem
568 1293 678 1338 libri
696 1292 850 1353 adjeci
870 1306 1185 1357 conspectum
1216 1293 1450 1357 algarum,
1483 1294 1534 1336 in
1561 1294 1707 1337 Flora
1731 1294 1934 1336 Danica

135 1368 382 1430 liucusqve
402 1367 770 1423 delineatarum,
815 1385 967 1430 qvem,
1008 1385 1117 1413 cum
1136 1384 1258 1430 opus
1278 1366 1395 1411 illud
1411 1366 1717 1426 magnificum
1735 1368 1785 1410 in
1804 1382 1935 1430 mag-

136 1458 248 1486 nam
267 1444 362 1502 jam
382 1445 645 1488 excreverit
671 1442 871 1498 molem⁷
910 1441 1041 1486 haud
1067 1458 1482 1504 supervacaneum
1505 1441 1644 1498 duxi,
1678 1458 1768 1486 nec
1793 1443 1934 1485 Bota-

136 1516 350 1578 nophilis
371 1517 472 1561 fore
498 1519 738 1581 ingratum
766 1518 968 1578 speravi.
1052 1514 1233 1560 Addidi
1269 1518 1411 1560 etiam
1446 1515 1719 1579 catalogum
1753 1517 1936 1559 Aucto-

138 1607 265 1645 rum,
305 1593 383 1650 qvi
402 1591 458 1635 de
476 1591 606 1654 Algis
625 1593 943 1652 scripserunt,
981 1602 1213 1652 qvatenus
1241 1589 1359 1634 mihi
1379 1591 1483 1634 noti
1513 1600 1644 1645 sunt,
1679 1605 1833 1645 neqve
1858 1603 1937 1632 so-

139 1664 238 1708 lum
256 1682 443 1721 eorum,
488 1668 565 1726 qvi
594 1677 729 1710 vasta
753 1664 1002 1710 volumina
1028 1666 1270 1709 memoriae
1294 1662 1633 1725 prodiderunt,
1678 1661 1764 1707 sed
1793 1663 1937 1707 etiarn

142 1755 328 1793 eorum⁷
385 1741 461 1800 qvi
493 1739 890 1783 commentariola
918 1741 968 1782 in
996 1738 1158 1783 diariis
1187 1737 1364 1782 alicubi
1391 1736 1614 1800 deposita
1649 1751 1936 1797 composue-

140 1825 268 1867 runt;
309 1830 365 1857 ex
391 1829 447 1857 eo
472 1814 614 1874 igitur
637 1814 695 1868 is,
736 1814 813 1873 qvi
832 1814 881 1856 in
907 1813 998 1858 hac
1016 1824 1152 1874 parte
1174 1812 1370 1857 ulterius
1399 1810 1627 1874 progredi
1656 1812 1810 1872 cupit,
1853 1808 1936 1853 eli-

141 1898 243 1948 gat,
288 1904 385 1947 qvae
407 1886 498 1930 sibi
521 1887 701 1947 optime
732 1887 1004 1932 conducere
1028 1887 1318 1948 opinabitur.
1392 1887 1492 1940 Sic,
1527 1886 1605 1945 qvi
1636 1882 1694 1928 de
1727 1884 1937 1928 Oscilla-

142 1966 271 2003 coria
291 1961 463 2003 limosa
487 1971 530 2003 et
551 1959 608 2003 de
628 1961 728 2018 ejus
749 1959 1041 2021 aliarumqve
1064 1959 1446 2005 oscillationibus
1467 1957 1605 2019 plura
1624 1959 1768 2019 cupit,
1806 1955 1936 2001 evol-

142 2045 221 2077 vat
246 2035 423 2094 scripta
450 2033 748 2082 Atlmzsom'i,
795 2035 871 2077 De
898 2034 1148 2083 Samum-e,
1195 2035 1444 2081 Foncana,
1501 2033 1757 2093 Hoffmann
1777 2033 1934 2092 Baug,

144 2105 366 2156 Sclzer'er,
409 2106 633 2149 &nebim-
659 2109 767 2160 δια,
807 2117 852 2150 et
879 2108 956 2166 qvi
986 2105 1044 2151 de
1071 2109 1212 2151 variis
1242 2108 1484 2151 variorum
1511 2103 1569 2150 de
1597 2107 1778 2150 Noscoc
1807 2121 1937 2147 com-

147 2186 281 2223 muni
297 2182 542 2224 sententiis
574 2178 712 2240 plura
741 2178 1001 2235 desiderat,
1043 2182 1079 2224 is
1102 2182 1279 2233 scripta
1305 2180 1594 2227 Car-roclorc‘,
1634 2179 1933 2226 Ησαιιηιιινίί,

147 2255 345 2300 Seeczen
365 2258 447 2300 διο.
472 2254 709 2315 inspiciat.
773 2255 891 2298 Sunt
909 2255 1053 2299 etiam
1075 2256 1125 2296 in
1144 2254 1217 2297 his
1233 2252 1366 2296 libris
1385 2251 1515 2296 haud
1531 2267 1712 2314 pauca,
1755 2267 1852 2313 qvae
1875 2249 1936 2294 ad

192 2419 219 2451 *l
269 2417 378 2449 Goon.
400 2416 461 2458 gel.
479 2420 562 2449 Auz.
588 2421 678 2453 1815.
696 2416 758 2449 No.
774 2419 825 2453 64.
844 2429 876 2461 p.
895 2421 966 2451 6⁴25.
993 2424 1024 2448 ct
1038 2414 1212 2459 Lc'ljeblad
1229 2413 1327 2446 Flora
1349 2414 1444 2448 Svcc.
1464 2415 1514 2449 ed.
1533 2415 1574 2449 II.
