1990 2793
210 163 420 253 REX
484 170 1144 253 AUGUSTISSIME!

335 352 704 440 ,DOMINE
752 357 1489 441 CLEMENTISSIME!

42 805 203 922 Qvae
244 830 310 882 ad
347 833 638 885 universam
671 833 819 904 regni
850 826 981 889 TUI
1013 833 1334 894 felicitatem,
1408 834 1643 894 salutem,
1713 833 1831 904 glo-

39 953 169 1002 riam
202 952 423 1015 faciunt,
495 975 605 1024 qvae
638 954 704 1005 ad
734 975 814 1006 res
846 958 1037 1027 patrias
1080 955 1404 1008 illustrandas
1446 970 1495 1006 et
1538 955 1831 1007 dilucidan-

43 1073 134 1124 das
166 1090 425 1146 spectant,
473 1075 587 1126 haec
619 1078 793 1127 omnia
835 1068 1023 1145 T1131‚
1053 1081 1250 1149 optimo
1283 1080 1469 1129 Patriae
1499 1080 1655 1149 patri,
1689 1097 1831 1128 sum-

39 1215 137 1247 mae
168 1216 375 1269 semper
406 1197 613 1249 fuerunt
645 1217 783 1249 curaev
821 1214 871 1251 et
913 1200 1082 1262 cordi,
1152 1216 1208 1252 ut
1248 1219 1429 1251 omnes
1472 1200 1829 1252 venerabundi

39 1333 309 1380 testantur,
379 1336 434 1372 ut
475 1324 629 1373 etiam
668 1320 815 1373 factis
846 1312 1009 1373 TUIS
1043 1325 1163 1374 satis
1196 1338 1246 1374 et
1289 1322 1513 1394 qvotidie
1552 1323 1827 1395 probatum

42 1462 199 1512 qvare
230 1445 408 1505 etiam,
481 1464 598 1495 cum
631 1457 709 1496 tot
739 1447 990 1497 sustineas
1023 1465 1128 1506 res,
1202 1465 1230 1496 a
1269 1461 1344 1497 tot
1373 1446 1628 1515 tantisqve
1660 1465 1827 1517 nego-

39 1566 120 1614 tiis
155 1567 382 1617 animum
413 1587 620 1639 semper
649 1568 947 1638 vigilantem
989 1567 1052 1619 ad
1091 1583 1222 1620 artes
1256 1568 1600 1639 elegantiores
1644 1568 1830 1619 adver-

41 1699 154 1736 tens
203 1707 360 1757 opera
409 1691 569 1741 multa
618 1692 692 1741 rei
740 1691 995 1742 litterariae
1042 1690 1353 1751 honorifica,
1426 1712 1537 1762 qvae
1581 1691 1701 1741 alias
1744 1692 1828 1741 vix

43 1807 214 1859 lucem
254 1809 521 1870 vidissent,
591 1813 645 1861 in
688 1813 826 1862 orbis
878 1814 1063 1864 eruditi
1113 1833 1264 1864 usum
1305 1814 1500 1884 publici
1551 1815 1674 1882 juris
1713 1812 1825 1863 fieri

41 1931 250 1999 jussisti3
323 1932 396 1982 sic
436 1934 590 1983 etiam
636 1931 830 1984 factum
874 1950 969 1995 est,
1043 1935 1096 1985 id
1139 1935 1282 2004 qvod
1323 1936 1524 1986 silentio
1563 1936 1826 2006 praeterire

44 2052 168 2103 mihi
202 2067 336 2105 esset
366 2054 571 2126 religio,
627 2069 701 2115 ut,
756 2076 867 2125 qvae
899 2048 1053 2108 TUA
1087 2072 1161 2108 est
1193 2077 1314 2129 erga
1349 2072 1480 2108 artes
1515 2077 1693 2108 omnes
1725 2056 1823 2106 hu-

46 2193 221 2226 manas
254 2197 454 2229 summa
483 2177 846 2229 benevolentia
880 2193 929 2229 et
958 2179 1258 2240 liberalitas),
1327 2180 1434 2230 hoc
1469 2181 1825 2249 qvalecnnqve

47 2296 339 2350 Tentamen
371 2300 436 2350 de
468 2299 828 2371 Hydrophytis
861 2301 1079 2352 Danicis
1120 2304 1172 2351 in
1202 2302 1466 2373 publicam
1496 2301 1666 2353 lucem
1696 2319 1823 2371 pro-

47 2418 189 2480 deat5
250 2421 323 2471 sic
354 2422 504 2472 etiam
534 2423 728 2474 factum
764 2438 857 2484 est,
905 2424 1043 2493 qvod
1076 2424 1315 2477 lubenter
1343 2425 1531 2483 fateor,
1571 2438 1627 2474 ut
1657 2412 1819 2471 TUIS
