1990 2793
194 90 226 115 x
895 74 1168 110 PRAEFATIO.

143 197 252 227 cum
280 178 377 225 Cel.
401 179 657 241 Hofmarm
682 179 874 239 Bangio
902 179 992 222 iter
1016 181 1066 221 in
1093 178 1382 240 Norvegiam
1406 176 1563 223 facere
1589 177 1707 223 mihi
1737 195 1925 225 succes-

141 257 275 310 serit,
322 254 372 296 in
399 268 490 314 qvo
520 254 622 314 ipse
647 250 808 296 littora
833 250 972 310 hujus
1002 254 1142 321 ⁴regni
1174 250 1234 295 ad
1258 250 1508 296 meridiem
1533 256 1797 315 vergentia,
1838 255 1926 297 im-

140 329 307 391 primis
336 328 459 370 inter
487 324 669 387 oppida
686 323 896 369 Arendal
921 336 966 369 et
986 316 1339 369 Oster-Riisoer
1357 327 1466 381 sita,
1501 342 1575 370 me
1602 327 1928 390 investigatio-

141 419 257 446 num
278 402 414 446 socio
448 410 677 454 assumto,
718 397 1042 459 perlustravit,
1085 399 1235 459 iisqve
1266 399 1628 444 excursionibus
1652 399 1928 445 Thalassio-

141 475 292 538 phyta
309 475 376 519 ibi
400 473 543 518 obvia
562 471 812 535 diligenter
834 473 1117 535 investigata
1141 483 1264 528 sunt,
1298 484 1343 517 et
1363 473 1602 517 nonnullae
1627 475 1769 518 etiam
1790 490 1926 520 novae

143 551 328 611 species
353 546 602 610 indagatae.
673 548 781 590 Hoc
801 546 970 590 itinere
991 557 1212 607 peractO,
1251 562 1359 591 cum
1381 545 1576 590 domum
1595 564 1834 592 reversum
1858 563 1928 593 es-

144 635 216 668 set
255 634 301 667 et
342 620 689 682 descriptiones
730 620 946 680 inceptas
988 621 1288 680 systematice
1325 620 1580 681 dispositas
1622 623 1924 684 peregissem,

144 696 599 743 commentationem
624 693 771 748 illam,
811 695 888 738 cui
911 693 1263 737 inscribebatur
1290 695 1552 737 Tencamen
1578 696 1925 756 algologiczmz,

143 787 354 816 unacum
388 767 791 813 delineationibus
833 765 894 811 ad
925 768 1297 812 Universitatem
1327 766 1637 812 Hafniensem
1672 770 1802 824 misi,
1867 767 1928 812 ad

142 845 408 908 praemium
439 844 727 903 expositum,
772 843 813 886 si
841 840 940 886 fors
968 842 1035 884 ita
1065 839 1244 896 tulerit,
1284 840 1600 886 obtinendum
1629 853 1928 887 concertatu-

144 936 234 964 rus.
305 918 419 961 Voti
449 917 592 959 etiam
617 932 817 976 compos
840 914 1034 969 fiebam3
1077 913 1253 959 accidit
1276 917 1421 971 enim,
1460 927 1513 959 ut
1543 914 1602 958 ad
1630 916 1811 960 natales
1836 919 1928 961 Re—

145 995 214 1057 gis
247 991 398 1036 nostri
434 988 791 1034 clementissimi
831 998 936 1047 1317
974 988 1219 1032 brabaeum
1257 1004 1314 1032 ex
1344 990 1580 1033 sententia
1619 1002 1925 1049 reportarem.

143 1070 205 1111 At
224 1067 349 1109 enirn
370 1079 508 1118 vero,
547 1079 656 1107 cum
678 1065 727 1105 in
754 1061 1073 1124 Hydrophyta
1101 1064 1287 1106 animus
1313 1063 1407 1120 jam
1433 1074 1532 1106 erat
1557 1064 1789 1120 intentus,
1828 1080 1928 1109 om-

144 1140 286 1184 nibus
316 1137 628 1199 posthabitis,
666 1138 829 1191 statui,
876 1146 1033 1179 aestate
1060 1136 1267 1179 irruente
1295 1136 1383 1179 iter
1414 1134 1736 1198 algologicum
1771 1138 1832 1180 ad
1859 1140 1929 1180 in-

144 1213 270 1259 sulas
299 1214 566 1256 Faeroenses
593 1212 857 1271 suscipere3
909 1207 1090 1253 credidi
1123 1210 1250 1253 enim
1281 1207 1342 1251 ad
1371 1207 1532 1253 littora
1558 1209 1726 1253 harum
1754 1208 1930 1253 insula-

145 1304 270 1341 rum,
309 1303 407 1346 qvae
426 1287 475 1328 in
493 1296 627 1330 vasto
650 1299 835 1328 oceano
857 1293 953 1326 tam
975 1281 1186 1326 solitarie
1214 1293 1259 1327 et
1283 1298 1309 1326 a
1331 1284 1486 1344 patria
1505 1294 1601 1326 tam
1627 1294 1808 1328 remote
1830 1285 1928 1329 sitae

147 1371 272 1411 sunt,
309 1359 451 1421 Algas
478 1357 723 1402 abundare
754 1368 799 1401 et
822 1354 1078 1400 nonnullas
1107 1355 1270 1400 forsan
1295 1373 1446 1401 novas
1475 1356 1613 1415 hujus
1644 1356 1792 1401 tribus
1823 1374 1930 1419 spe-

148 1437 244 1480 cies
269 1433 335 1476 ibi
363 1448 462 1477 esse
492 1429 824 1484 inveniendas3
869 1445 959 1491 qvo
992 1430 1075 1473 ubi
1106 1432 1449 1491 pervenissem,
1490 1430 1615 1475 hanc
1640 1447 1796 1476 meam
1817 1447 1931 1476 con-

142 1494 378 1568 jecturam
408 1504 538 1549 haud
569 1507 762 1549 inanem
785 1502 931 1548 fuisse
960 1504 1141 1557 iuveni3
1185 1521 1366 1567 magnae
1400 1506 1526 1549 enim
1555 1504 1931 1566 Thalassiophy-

149 1593 309 1627 torum
339 1578 561 1624 cohortes
590 1579 790 1639 rupibus
815 1576 1128 1621 adnascentes
1157 1577 1308 1622 oculis
1337 1578 1708 1637 objiciebantur,
1743 1590 1788 1623 et
1813 1595 1932 1639 prze-

150 1667 220 1700 ter
237 1653 442 1712 majores
462 1654 635 1707 Fucos,
677 1667 877 1712 qvorum
904 1650 1124 1695 nonnulli
1151 1653 1200 1694 in
1226 1653 1504 1695 immensam
1527 1651 1703 1696 molem
1725 1654 1775 1695 in
1803 1654 1932 1697 sinu-

149 1729 238 1773 bus
263 1727 331 1771 ibi
355 1737 655 1782 excrescunt,
688 1724 848 1787 plures
874 1724 1223 1770 Confervarum
1249 1726 1457 1787 species,
1498 1726 1558 1769 ad
1581 1725 1743 1771 littora
1768 1724 1931 1788 Angli-

150 1818 207 1848 ca
234 1801 490 1847 recentiori
512 1810 730 1861 tempore
763 1809 960 1860 repertae
995 1810 1040 1842 et
1069 1800 1164 1857 jam
1191 1800 1260 1842 ibi
1291 1797 1562 1861 divulgatae,
1603 1798 1843 1861 profunda
1869 1801 1931 1843 si-

149 1892 299 1920 nuum
327 1872 510 1934 replere
546 1884 591 1917 et
622 1872 771 1917 latera
798 1875 990 1933 rupium
1018 1871 1240 1916 fluctibus
1279 1874 1586 1934 agitatissima
1621 1870 1860 1918 obducere
1886 1884 1931 1918 et

151 1947 476 1995 condecorare
506 1947 843 1999 cernebantur3
875 1944 1109 1990 nonnulla
1135 1947 1278 1989 etiam
1301 1962 1428 1991 nova
1449 1945 1787 2008 Hydrophyta,
1830 1964 1928 2008 qvae

149 2024 275 2067 Viris
305 2021 622 2066 celeberrimis
660 2030 705 2062 et
729 2020 1156 2080 perspicacissimis
1183 2021 1242 2064 Ν.
1268 2017 1468 2064 ᾹΙΟῘινίο
1500 2031 1545 2064 et
1570 2020 1805 2070 Laudem,
1851 2022 1930 2081 qvi

150 2096 338 2159 plantas
360 2096 623 2139 Faeroenses
650 2091 901 2155 diligenter
927 2093 1352 2155 investigaverunt,
1385 2104 1552 2154 utpote
1576 2096 1929 2155 microscopica

153 2186 254 2215 sese
277 2167 622 2222 subduxerant,
670 2164 930 2228 indagandi
962 2176 1007 2210 et
1041 2164 1315 2211 delineandi
1348 2167 1416 2209 ibi
1444 2168 1745 2228 praebebatur
1770 2170 1925 2229 copia.

151 2242 328 2288 Isthinc
352 2241 563 2285 Daniam
594 2240 812 2295 tendens,
861 2256 1003 2300 qvum
1034 2240 1395 2302 tempestatibus
1429 2242 1480 2283 in
1505 2252 1698 2301 portum
1726 2242 1928 2286 Svinoer

152 2333 306 2380 prope
333 2314 606 2359 Lindesnaes
635 2315 885 2376 Norvegiae
915 2316 1049 2359 navis
1080 2312 1279 2374 depulsa
1309 2325 1452 2369 esset,
1498 2316 1547 2356 in
1574 2313 1759 2375 plantas
1787 2316 1925 2373 hujus

156 2408 262 2448 orae,
286 2391 541 2436 occasione
560 2405 646 2450 per
665 2387 822 2450 plures
844 2386 1172 2433 hebdomades
1196 2387 1370 2444 oblata,
1394 2389 1628 2449 inqvirere
1651 2404 1752 2434 non
1772 2389 1923 2433 omisi.
