1990 2793
201 100 266 126 ΧΠ
916 82 1190 119 PRAEFATIO.

151 195 243 239 sita
269 202 499 254 praeterea
524 188 619 233 late
641 198 834 251 patens,
874 185 964 231 fuit
992 186 1234 248 explicatu
1261 200 1317 230 eo
1349 182 1611 241 difficilior,
1658 201 1749 246 qvo
1782 188 1940 231 minus

150 269 240 312 rite
275 263 517 310 excultum
542 262 633 307 fuit
657 260 921 324 Algologiae
947 262 1145 305 Danicae
1175 260 1488 314 territorium,
1533 275 1717 320 qvoqve
1742 261 1944 321 paucio-

151 357 226 386 res
261 341 311 383 in
332 338 465 383 libris
486 338 827 381 Botanicorum
849 336 1147 380 Danicorum
1170 336 1354 395 species
1374 349 1462 390 pro
1483 331 1653 376 harum
1670 331 1953 396 plantarum

151 415 372 459 ubertate
393 411 578 474 publici
600 411 713 470 juris
735 408 979 470 hucusqve
998 408 1133 453 faetae
1155 406 1358 452 fuerunt.
1418 408 1572 467 Atqve
1595 422 1654 450 ne
1675 408 1777 452 sine
1798 423 1944 452 causa

152 487 254 532 liaec
279 488 451 550 nugari
483 486 744 539 existimer,
787 494 1018 527 annotare
1045 481 1270 537 sufficiet,
1314 497 1566 525 numerum
1592 479 1819 543 Algarum
1845 483 1943 525 Da-

151 563 393 616 nicarum,
439 559 686 619 hucusqve
713 555 1073 619 provulgatum,
1120 557 1431 600 centesimum
1449 571 1548 599 non
1578 553 1779 598 multum
1806 571 1942 600 exce-

153 635 280 679 dere.
348 635 402 677 In
419 633 566 677 flora
585 634 811 676 Danu-a,
844 641 897 674 ut
920 647 977 675 ex
1003 632 1219 690 seqventi
1251 639 1517 689 conspectu
1547 628 1819 689 apparebit,
1863 638 1943 682 113

154 710 341 771 species
364 717 409 751 et·
436 716 486 760 13
507 707 774 750 Varietates
805 706 1133 758 continentur,
1174 714 1219 746 et
1247 704 1296 745 in
1318 701 1543 763 operibus
1572 702 1942 746 clarissimorum

152 784 380 827 Virorum
401 776 748 825 Sclzzmzaclzcri
772 789 817 822 et
833 780 1171 822 Hornemmmi
1190 792 1355 838 paucae
1380 773 1526 820 modo
1552 777 1736 835 species
1758 786 1942 821 exstant

155 855 415 915 descriptae.
482 855 610 897 Hinc
637 854 779 896 etiam
807 868 1002 896 necesse
1027 849 1139 906 fuit,
1175 861 1227 893 ut
1248 849 1403 893 multae
1426 865 1562 893 novae
1593 848 1940 910 descriptiones

155 939 312 974 essent
336 925 662 974 elaborandae‚
698 936 856 984 atqve,
892 925 1150 983 qvaestione
1175 921 1452 966 academica
1475 920 1691 966 ordinem
1715 935 1941 984 systema-

152 1005 302 1048 ticum
333 997 628 1061 postulante,
693 1013 801 1041 cum
835 995 968 1039 filum
997 997 1261 1057 systematis
1291 994 1586 1039 Ariadneum
1625 996 1744 1039 mihi
1775 995 1937 1052 defuit,

151 1092 245 1120 nec
276 1076 325 1117 in
357 1072 562 1116 aliorum
587 1070 836 1118 laboribus
870 1069 1014 1130 plane
1040 1071 1341 1130 aeqviescere
1368 1071 1528 1129 potui,
1567 1086 1747 1115 novum
1776 1069 1941 1132 dispo-

154 1149 342 1195 sitionis
374 1161 521 1211 genus
547 1144 623 1191 vel
652 1159 831 1189 novum
860 1154 1085 1204 systema,
1139 1144 1178 1187 si
1204 1145 1271 1187 ita
1298 1141 1456 1188 dicere
1485 1142 1616 1199 licet,
1671 1155 1792 1189 esset
1823 1160 1940 1189 con-

156 1221 379 1269 dendum.

282 1298 367 1340 His
393 1293 736 1358 igiturallatis,
779 1297 900 1339 ratio
923 1293 1018 1354 jam
1038 1295 1206 1355 paucis
1235 1292 1481 1339 reddenda
1507 1305 1576 1339 est
1606 1293 1936 1356 dispositionis

153 1370 279 1415 illius
305 1370 635 1430 systematicae,
691 1385 788 1429 qvae
821 1370 872 1410 in
900 1367 995 1411 hoc
1030 1384 1176 1428 opere
1203 1379 1432 1429 usurpata
1460 1370 1725 1428 peritorum
1754 1364 1936 1426 judicio

152 1446 249 1504 jam
273 1443 533 1501 subjicitur.
608 1444 676 1485 Ex
702 1440 892 1485 Tabula
921 1443 1197 1502 synoptica,
1243 1457 1341 1501 qvae
1371 1443 1548 1502 primas
1580 1442 1760 1485 ordinis
1792 1450 1939 1502 syste-

153 1519 318 1563 :matici
336 1515 486 1560 lineas
518 1514 790 1570 adumbrat,
829 1516 1004 1558 Lector
1030 1514 1292 1559 benevolus
1317 1531 1415 1559 uno
1446 1517 1577 1574 qvasi
1607 1516 1778 1558 obtutu
1801 1512 1939 1557 intel-

154 1592 269 1654 liget
300 1589 536 1644 ordinem,
590 1590 639 1633 in
668 1605 806 1649 qvem
831 1586 1151 1649 Hydrophyta
1179 1590 1369 1632 Danica
1399 1588 1478 1632 hic
1507 1587 1740 1647 disposita
1771 1601 1938 1631 occur-

154 1676 283 1719 runt,
320 1674 364 1706 et
386 1662 496 1707 inde
523 1663 671 1707 cuivis
696 1661 837 1706 facile
857 1661 1061 1722 patebit,
1102 1663 1152 1704 in
1175 1660 1495 1721 dispositione
1519 1678 1593 1705 me
1613 1662 1745 1722 prius
1772 1660 1832 1703 ad
1853 1660 1937 1703 ha-

154 1740 307 1783 bitum
340 1747 605 1792 externum,
658 1751 797 1796 qvam
833 1733 894 1778 ad
922 1734 1130 1779 fructum
1160 1737 1436 1795 respexisse.
1510 1736 1721 1779 Primum
1747 1733 1937 1794 qvidem

157 1828 278 1873 opus
307 1808 600 1872 aggredienti
625 1820 779 1853 totum
806 1819 1048 1853 tentamen
1072 1809 1203 1866 juxta
1235 1807 1441 1852 fructum
1471 1807 1725 1869 disponere
1750 1809 1934 1851 animus

154 1885 261 1935 fuit3
291 1882 374 1928 sed
393 1881 799 1944 Thalassiophyta
829 1883 1060 1926 continua
1084 1883 1182 1925 sive
1202 1880 1522 1940 Phycoidata,
1558 1896 1756 1941 qvorum
1776 1891 1936 1925 tamen

156 1957 332 2002 fructus
360 1955 527 1999 melius
557 1971 695 2015 qvam
726 1967 994 1999 ceterorum
1017 1953 1292 1998 enucleatus
1317 1953 1412 1999 dici
1436 1964 1615 2016 potest,
1662 1954 1932 2010 obstabant,

158 2046 248 2090 qvo
280 2030 433 2072 minus
456 2028 552 2071 hoc
575 2029 882 2088 propositum
910 2029 1159 2090 exegerim.
1228 2029 1363 2071 Licet
1396 2029 1520 2071 enim
1546 2026 1683 2087 plura
1705 2027 1934 2088 praeclara

159 2118 307 2164 opera
337 2100 397 2144 ad
426 2103 591 2144 harum
618 2099 888 2161 plantarum
912 2100 1119 2145 fructum
1145 2098 1536 2163 cognoscendum
1563 2099 1802 2160 symbolas
1823 2116 1933 2145 suas

154 2178 358 2221 maxime
382 2172 678 2217 aestimandas
702 2173 1009 2229 contulerint,
1045 2175 1208 2217 omnia
1230 2184 1388 2217 tamen
1407 2173 1501 2217 huc
1522 2175 1789 2233 spectantia
1810 2189 1932 2218 non-

158 2249 270 2293 dum
302 2249 368 2290 ita
401 2248 449 2289 in
478 2245 711 2306 liqvidum
744 2246 977 2307 perducta
1007 2258 1134 2302 sunt,
1184 2258 1235 2290 ut
1261 2247 1318 2289 iis
1349 2256 1572 2305 tanqvam
1602 2245 1732 2291 firmo
1760 2246 1932 2291 funda-

156 2332 317 2366 mento
351 2319 601 2363 aedificium
638 2323 901 2380 systematis
936 2321 1196 2381 superstrui
1227 2321 1399 2380 possit3
1457 2336 1481 2363 e
1515 2322 1755 2364 contrario
1792 2319 1932 2382 plura

159 2395 305 2440 dubia
326 2392 481 2438 adhuc
506 2403 701 2447 restant,
737 2405 782 2438 et
800 2395 902 2438 sine
929 2392 1078 2438 dubio
1106 2395 1365 2437 etiamnum
1383 2391 1465 2436 diu
1489 2394 1754 2448 restabunt3
1788 2410 1930 2455 qvare
