1990 2793
391 102 441 138 80
733 92 905 130 8ΕΟΤΙΟ
933 91 1168 130 SECUNDA.
1232 90 1536 129 VAUCHERIA.

389 199 515 233 DESC.
565 197 637 231 Fila
661 210 700 231 ex
726 211 886 244 corpore,
911 199 964 231 cui
990 199 1223 239 innascuntur,
1250 199 1397 243 undiqve
1422 208 1455 231 ct
1476 198 1631 232 radiatim
1661 202 1828 242 exeuntia,
1857 203 1936 237 duas

475 253 519 285 ad
538 261 602 285 tres
620 252 721 284 lineas
744 252 860 293 longa,
888 253 1120 290 minutissima,
1145 252 1290 291 lubrica,
1318 251 1447 291 albida,
1474 251 1556 286 adeo
1582 263 1619 286 ut
1644 266 1756 287 musca
1783 265 1939 301 tanqvam

473 305 595 338 ncbulfi
613 304 848 338 circumvoluta
867 306 901 338 in
919 317 1000 351 aqva
1018 305 1164 351 pendere
1180 304 1277 338 oculo
1291 304 1383 338 nudo
1399 304 1567 346 videatur3
1592 308 1652 339 sub
1675 307 1762 341 lente
1791 309 1845 341 fila
1862 317 1939 342 sunt

475 358 648 404 simplicia,
667 360 735 391 basi
752 367 924 398 attenuata,
942 359 1084 404 hyalina,
1110 360 1236 404 apicem
1254 371 1366 390 versus
1383 357 1507 391 clavata
1526 360 1735 406 granulisqve
1751 363 1938 395 minutissi-

476 413 540 444 mis
559 412 702 453 globosis
730 411 985 445 suscesccntihus
1003 413 1195 445 densissime
1211 413 1390 457 compactis
1409 412 1497 444 intus
1513 411 1627 446 sai-cta.
1677 414 1779 448 Color
1796 415 1937 455 albidus,

481 466 598 498 nitens.
647 465 835 498 Substantia
853 466 1118 506 membranacea,
1145 465 1283 498 lubrica.
1331 465 1474 498 Aestate.

612 566 645 583 **
687 563 845 596 vesieulis
869 563 966 597 binis.
1043 565 1064 590 0

146 647 236 682 Tab.
258 652 317 687 22.
420 650 476 684 12.
532 642 577 677 V.
596 632 757 687 sessili55
785 643 852 678 filis
872 644 1121 691 capillaribu3‚
1153 645 1322 692 ramosis3
1345 644 1514 682 vesiculis
1541 645 1739 693 sessflibus,
1765 647 1940 693 subbinisj

347 714 481 758 ovans,
508 724 622 746 cornu
637 713 853 747 intermedio
879 713 1027 748 reflexo.

480 794 647 823 I'auclzeria
664 796 771 822 sessilIs
789 795 856 824 Dec.
880 795 906 822 ss.
926 795 959 825 fr.
981 807 1014 828 2,
1035 807 1060 834 p.
1082 798 1125 830 63.
1147 814 1175 821 -
1192 797 1269 832 Engl.
1291 797 1348 825 bot.
1369 796 1439 825 Tab.
1464 797 1539 833 1765.
1559 814 1588 822 -
1605 798 1651 834 Ag.
1674 798 1738 834 Syn.
1759 810 1786 837 p.
1805 803 1847 835 49.

476 848 661 883 Ectosperma
683 850 790 875 sessilis
815 849 921 876 Vauch.
943 859 970 886 p.
991 856 1032 882 31.
1053 850 1124 878 Tab.
1145 859 1168 877 2.
1191 850 1234 886 fig.
1255 859 1280 885 7.

344 919 496 954 Habitat
512 921 551 954 in
566 919 672 955 fossis
693 934 784 968 aqva
799 923 980 967 stagnanti
992 922 1140 968 repletis
1156 934 1271 968 prope
1284 921 1490 958 Hadsmark
1506 924 1657 962 Fioniae.

385 1002 512 1035 DES'C.
562 1004 690 1048 Caespes
716 1004 945 1042 densissimus,
979 1005 1167 1043 intricatus,
1195 1004 1381 1049 superficiei
1405 1017 1496 1050 aqvae
1519 1007 1688 1045 innatans,
1722 1006 1857 1039 diversae
1881 1019 1941 1039 ex-

477 1057 646 1089 tensionis.
696 1056 767 1089 Fila
784 1057 905 1102 capillo
923 1057 1068 1090 humano
1086 1058 1235 1090 tenuiora
1248 1081 1256 1096 ‚
1280 1069 1409 1090 ramosa
1422 1083 1430 1098 ,
1458 1059 1585 1103 apicem
1602 1071 1714 1091 versus
1740 1059 1941 1093 dichotoma.

477 1109 638 1143 Vesieulae
657 1109 801 1149 sesssses,
828 1119 950 1149 ovatae,
973 1110 1083 1143 medio
1100 1119 1225 1155 puncto
1242 1111 1431 1143 saturatiori
1452 1123 1539 1156 saepe
1555 1121 1692 1152 notatae,
1718 1124 1806 1145 nunc
1826 1112 1942 1145 solita-

475 1163 551 1197 rim,
585 1163 741 1194 cornibus
767 1163 913 1195 recurvis
937 1163 1070 1202 cinctae,
1104 1175 1191 1194 nunc
1216 1163 1301 1194 binae
1325 1165 1582 1207 approximatae,
1615 1177 1719 1197 cornu
1744 1165 1943 1198 intermedio

478 1215 617 1247 alteram
643 1214 862 1256 vesicularum
886 1215 1114 1260 amplectente.
1163 1215 1266 1247 Color
1288 1214 1413 1260 pallide
1440 1217 1622 1257 virescens,
1650 1217 1867 1250 vesicularum
1887 1219 1943 1249 in-

477 1269 612 1300 tensior.
662 1268 850 1300 Substantia
873 1268 1137 1309 membranacea⁷
1167 1277 1290 1300 tenera.
1339 1272 1472 1302 Annua.
1535 1271 1648 1303 Primo
1676 1283 1764 1303 vere.
1812 1270 1943 1303 Chartae

479 1320 551 1352 laxe
570 1321 727 1353 adhmrct.

392 1380 484 1412 OBS.
534 1379 700 1412 vesiculas
719 1381 758 1412 ab
776 1390 916 1426 utroqve
936 1381 1000 1413 fine
1019 1381 1304 1426 progerminantes
1320 1382 1408 1413 inter
1424 1382 1477 1414 fila
1498 1383 1647 1414 intricata
1672 1381 1775 1414 libere
1793 1392 1940 1415 natantes

480 1442 545 1465 tam
561 1434 595 1464 in
612 1433 673 1464 hae
691 1435 817 1477 speeie,
845 1447 941 1479 qvam
958 1435 991 1466 in
1009 1443 1164 1479 seqvente
1176 1459 1184 1473 ,
1212 1444 1247 1466 ut
1264 1436 1362 1466 etiam
1386 1436 1420 1467 in
1442 1435 1485 1467 Is.
1507 1436 1716 1473 dichotmza,
1740 1435 1781 1467 de
1797 1437 1860 1480 qvfi
1879 1449 1940 1467 an-

480 1496 529 1518 tea
549 1487 682 1519 monui.
709 1485 833 1530 pluries
854 1488 1044 1527 observavi,
1072 1489 1208 1521 omnino
1225 1501 1263 1520 ex
1282 1497 1390 1520 mente
1408 1487 1476 1520 Cel.
1499 1488 1705 1527 Vane-herii,
1732 1490 1940 1522 accuratissi-

478 1540 524 1572 mi
549 1540 782 1572 observatoris.

148 1651 236 1685 Ταῑ),
255 1657 312 1692 23,
417 1649 474 1684 13.
531 1642 579 1676 V.
599 1641 796 1688 geminata
805 1653 819 1685 ς
845 1642 913 1677 filis
937 1643 1188 1689 capillaribus,
1216 1644 1450 1689 dichotomi53
1478 1643 1643 1678 vesiculis
1668 1644 1781 1687 binis,
1809 1642 1939 1688 globo-

344 1711 390 1744 sis
403 1737 412 1754 ‚
433 1713 470 1745 in
487 1711 695 1756 pedunculo
711 1713 895 1745 communi
913 1718 1066 1746 cornuto
1088 1713 1281 1758 oppositis3
1309 1724 1421 1746 cornu
1446 1712 1662 1745 intermedio
1679 1716 1787 1745 recto.

480 1785 647 1846 Varuclzesrm
665 1790 815 1820 geminata
842 1786 910 1812 Dec.
940 1786 966 1814 ss.
987 1787 1018 1813 fr.
1041 1797 1064 1816 2,
1092 1796 1118 1822 p.
1139 1786 1180 1812 62.
1210 1804 1237 1809 -
1264 1786 1342 1821 Eugl.
1365 1786 1421 1812 bot.
1444 1785 1515 1812 Tab.
1542 1787 1615 1820 1766.
1642 1804 1670 1810 -
1693 1787 1742 1821 Ag.
1761 1786 1829 1813 Dec.
1850 1796 1876 1813 n.
1902 1795 1939 1814 ιι.

545 1828 570 1846 et
609 1830 654 1855 yn.
680 1830 706 1856 p.
727 1827 770 1854 49.

481 1872 668 1906 Eccosperma
687 1876 837 1907 geminata
858 1873 969 1898 Vaueh.
989 1883 1015 1908 p.
1039 1882 1080 1906 29.
1102 1874 1171 1900 Tab.
1190 1883 1212 1900 2.
1235 1873 1278 1909 fig.
1299 1879 1324 1906 5.

348 1942 497 1978 Habitat
519 1946 557 1978 in
576 1943 680 1978 fossis
703 1945 953 1991 stagnantibus
970 1946 1118 1980 Fioniae.

393 2026 516 2058 DESC.
561 2028 691 2072 Caespes
713 2027 942 2064 densissimum,
970 2029 1003 2059 in
1022 2028 1196 2073 superficie
1213 2040 1303 2072 aqvae
1322 2036 1420 2060 strata
1438 2026 1566 2073 pedalia
1592 2037 1623 2059 ct
1648 2027 1773 2059 ulum-ia
1791 2029 1941 2060 intricata

480 2079 638 2111 formans.
688 2080 758 2111 Fila
775 2080 887 2124 capilli
906 2080 1042 2112 humani
1061 2082 1224 2117 crassitie,
1251 2082 1377 2125 apicem
1394 2094 1504 2114 versus
1526 2082 1712 2125 prwprirnis
1739 2081 1941 2113 ‹licliotoma.

482 2132 663 2164 Pedunculi
682 2133 879 2164 diametrum
902 2133 948 2164 fili
973 2133 1179 2174 longitudine
1202 2134 1323 2178 2·.3plo
1344 2143 1592 2178 exsuperantes,
1620 2134 1659 2165 ad
1684 2134 1782 2165 latera
1808 2134 1941 2166 filorum

480 2184 675 2230 plerumqve
694 2185 848 2222 secundi,
876 2195 907 2217 et
924 2185 1000 2217 inde
1018 2186 1269 2218 horizontalitvr
1293 2195 1464 2223 exeuntes,
1495 2187 1586 2230 apice
1612 2200 1716 2218 cornu
1741 2187 1842 2218 st‹·1·ili
1865 2199 1941 2218 rec-

483 2245 515 2267 to
532 2238 778 2278 subgeniculato
797 2239 971 2270 terminati.
1019 2239 1175 2271 Pedicelli
1193 2238 1235 2270 ad
1251 2238 1349 2270 latera
1369 2238 1547 2282 pedunculi
1569 2241 1639 2275 siti,
1665 2240 1860 2276 brevissimi,
1887 2241 1941 2271 bi-

480 2290 532 2325 ni,
560 2292 723 2334 oppositi,
750 2292 842 2335 apice
858 2291 1067 2324 vesiculiseri.
1118 2291 1275 2325 vesiculae
1300 2291 1454 2332 globosae.
1505 2291 1606 2324 Color
1635 2302 1665 2325 et
1692 2293 1880 2325 Substantia
1906 2300 1942 2324 ut

484 2343 712 2384 praecedentis.

400 2398 491 2431 0138.
535 2400 720 2433 vesiculam
737 2404 770 2434 in
787 2404 977 2447 pedunculo
994 2406 1087 2439 brevi
1101 2405 1293 2444 sotitariam,
1319 2412 1350 2436 et
1365 2405 1399 2437 in
1417 2405 1509 2451 apice
1527 2404 1574 2438 fili
1590 2406 1720 2438 recurvi
1736 2403 1939 2437 terminalem

484 2464 739 2497 nonnuuqvam,
767 2465 798 2488 at
819 2469 893 2489 raro
908 2481 915 2495 ‚
942 2458 1020 2490 vidi.
