1990 2793
195 120 273 146 xvr
900 101 964 138 PR
970 94 1174 136 AEFATIO.

144 211 396 276 tyronibus
433 212 631 256 obvium.
664 203 969 253 examinandi
1004 197 1445 261 determinandiqve
1472 197 1662 244 facilior
1687 194 1928 254 reddatur,

147 289 269 332 adeo
317 297 370 329 ut
399 283 748 329 distributionis
786 296 879 341 ope
909 279 1085 323 certior
1116 274 1199 320 fiat
1233 275 1446 320 curiosus
1477 272 1691 336 algarum
1716 274 1929 325 rimator,

143 372 304 406 utrum
337 357 599 420 exemplar,
648 352 776 417 qvod
807 354 850 398 ei
881 350 942 395 ad
964 367 1132 396 manus
1160 360 1250 405 est,
1294 363 1459 393 revera
1482 349 1542 391 sit
1570 345 1642 402 id,
1687 344 1815 407 qvod
1850 343 1933 388 hic

149 434 441 494 descriptum
471 433 698 493 reperiat,
748 443 914 472 necne.
986 426 1063 470 Sic
1093 426 1237 488 igitur
1257 422 1437 467 factum
1468 432 1558 476 est,
1603 430 1678 475 ut,
1725 435 1776 463 re
1810 418 1934 462 bene

146 509 408 571 pensitata,
447 508 496 549 in
516 505 588 549 his
608 503 781 548 nostris
801 498 1129 563 Hydrophytis
1150 494 1479 559 dispescendis
1504 493 1724 539 ordinem
1740 503 1934 536 natura-

147 583 262 637 lem,
302 591 526 641 qvantum
544 577 844 638 fieripotuit,
883 589 1140 628 servarem,
1188 570 1248 615 ad
1277 569 1484 615 fructum
1512 566 1825 612 nihilominus
1861 562 1930 621 ea,

151 656 242 718 qva
255 671 344 718 par
371 664 491 709 erat,
531 654 795 696 attentione
813 648 990 709 ubiqve
1014 648 1290 706 respiciens.

282 731 349 772 Ex
371 726 597 788 operibus
620 723 993 770 clarissimorum
1012 723 1226 766 virorum
1247 715 1439 767 Roclzz‘i,
1478 714 1809 761 Scacklzousii,
1838 713 1940 756 La-

151 806 448 851 mourouxii,
481 797 729 862 Agardlzii
760 796 1053 856 aliorumqve
1083 794 1222 857 plura
1247 807 1421 855 genera
1449 783 1690 834 mutuatus
1718 803 1840 842 sum,
1875 782 1937 828 ad

150 876 329 931 fontes,
372 873 501 918 unde
529 884 639 918 sunt
664 871 855 927 hausta,
891 871 1054 915 onmia
1079 867 1308 922 referens,
1348 865 1539 926 qvibus,
1578 862 1663 906 ubi
1693 862 1760 905 rei
1785 860 1937 921 magis

150 950 439 993 illustrandae
457 949 780 992 necessarium
798 956 879 988 aut
900 943 1015 987 utile
1034 941 1308 995 videbatur,
1349 936 1582 982 nonnulla
1603 951 1730 979 nova
1757 931 1936 977 addidi.

148 1025 202 1067 In
236 1023 542 1085 Synonymiis
580 1022 849 1082 specierum
885 1031 1139 1075 earumqve
1178 1011 1582 1074 descriptionibus
1631 1004 1938 1052 elaborandis

151 1113 385 1142 summam
415 1094 526 1139 dedi
554 1110 775 1156 operam,
826 1103 880 1136 ut
907 1101 1063 1136 essent
1092 1099 1347 1142 accuratae,
1395 1096 1440 1129 et
1466 1086 1590 1127 inter
1614 1082 1940 1144 prolixitatem

151 1171 482 1216 verbosiorem
520 1169 895 1227 brevitatemqve
934 1164 1265 1208 obscuriorem
1300 1157 1509 1204 mediam
1545 1158 1676 1217 qvasi
1723 1163 1940 1198 tenerent

152 1247 299 1299 viam;
333 1244 681 1305 descriptiones
702 1256 842 1296 vero,
875 1250 928 1283 ut
949 1239 1070 1282 bene
1098 1234 1338 1298 intelligo,
1370 1248 1460 1295 pro
1492 1245 1626 1275 more
1653 1229 1793 1271 nimis
1823 1226 1940 1286 jeju-

152 1334 224 1361 nae
254 1330 363 1362 sunt
392 1330 529 1379 atqve
559 1331 843 1379 exsangves,
904 1314 981 1357 cui
1016 1311 1250 1371 jejunitati
1275 1319 1327 1352 ut
1357 1304 1684 1368 qvadantenus
1709 1299 1940 1355 mederer,

158 1392 519 1437 observationes
538 1388 794 1435 nonnullas
816 1388 952 1449 operi
973 1385 1052 1430 hic
1074 1383 1171 1428 illic
1200 1385 1410 1426 intexere
1437 1378 1641 1439 placuit,
1678 1378 1726 1419 in
1755 1374 1939 1436 qvibus,

155 1467 195 1510 si
216 1482 313 1526 qvae
330 1476 502 1510 notatu
523 1463 667 1528 digna
686 1462 982 1513 viderentur⁷
1016 1460 1183 1520 paucis
1208 1454 1448 1500 interdum
1475 1453 1689 1514 exposui.
1761 1449 1942 1493 Omnia

157 1556 269 1584 vero
291 1542 379 1583 ista
399 1555 593 1602 genera,
627 1539 714 1582 sub
739 1537 907 1598 qvibus
926 1531 1243 1595 Hydrophyta
1258 1530 1446 1573 Danica
1467 1538 1575 1588 apte
1597 1520 1944 1584 comprehendi

156 1630 300 1675 posse
326 1612 530 1668 credidi,
571 1611 803 1667 dilucide,
840 1621 893 1654 ut
913 1610 1112 1670 opinor,
1149 1621 1175 1648 a
1196 1621 1245 1649 se
1264 1605 1469 1647 invicem
1490 1598 1814 1643 discriminata
1834 1605 1946 1639 sunt

158 1689 209 1730 in
244 1687 578 1751 Sciagraphia,
630 1686 765 1747 operi
808 1684 1068 1741 praemissa,
1128 1680 1259 1737 cujus
1298 1672 1590 1720 adminiculo
1629 1686 1793 1715 omnes
1830 1671 1944 1712 istas

159 1760 346 1822 plantas
388 1760 449 1804 ad
474 1777 614 1804 suum
648 1774 878 1820 qvamqve
909 1771 1055 1820 genus
1085 1752 1281 1806 referre,
1333 1766 1409 1793 me
1445 1746 1634 1808 qvidem
1664 1753 1942 1806 proxeneta,

160 1850 262 1877 non
280 1833 438 1878 multis
457 1844 699 1895 premetur
721 1829 1093 1876 difficultatibus.
1164 1826 1344 1871 Omnia
1364 1820 1724 1884 impedimenta,
1764 1833 1862 1877 qvae
1894 1817 1946 1859 irz

164 1919 415 1967 systemate
439 1905 696 1952 condendo
725 1904 804 1949 hic
829 1904 925 1948 illic
953 1919 1055 1947 sese
1084 1900 1309 1953 offerunt,
1345 1896 1402 1941 de
1428 1893 1587 1939 medio
1618 1890 1806 1945 tollere,
1844 1888 1946 1933 fieri

164 1996 264 2023 11011
280 1992 459 2041 potest;
495 1995 738 2040 nuuqvam
759 1980 887 2022 enim
908 1977 969 2020 ad
986 1976 1113 2038 leges
1127 2010 1137 2029 ,
1173 1989 1284 2034 qvas
1305 1971 1513 2014 humana
1532 1982 1664 2011 mens
1691 1965 1944 2027 excogitat,

167 2070 267 2098 sese
292 2057 505 2117 restringi
530 2055 709 2115 patitur
737 2051 859 2094 alma
886 2061 1057 2093 natura
1091 2059 1136 2092 et
1161 2042 1503 2108 polymorpha;
1561 2038 1645 2084 sed
1671 2038 1865 2091 libere,¹
1894 2047 1947 2080 ut

167 2144 366 2189 magnus
397 2130 546 2188 ipsius
579 2137 765 2180 auctor,
800 2125 896 2168 vim
923 2116 1057 2167 suam
1082 2122 1273 2174 exserit,
1310 2117 1485 2161 formas
1515 2112 1716 2157 induens
1742 2112 1948 2155 maxime

168 2199 473 2255 multifarias,
527 2198 911 2258 intellectumqve
947 2195 1154 2240 hominis
1191 2191 1377 2236 limitati
1408 2205 1531 2248 saepe
1560 2184 1809 2238 deludens3
1863 2185 1945 2239 sic,

169 2285 223 2317 ut
245 2273 513 2333 exemplum
542 2272 753 2316 afferam:
791 2272 1060 2333 Gigarcina
1078 2266 1278 2314 viridis,
1317 2275 1363 2307 et
1395 2260 1948 2322 S‹ycosipl1onsoetzz‘cu-

172 2347 360 2396 laceris,
399 2362 513 2406 qvos
537 2345 594 2389 ad
618 2344 916 2407 Phycoidata
937 2343 1166 2388 continua
1183 2340 1351 2383 merito
1373 2335 1646 2389 amandavi,
1680 2335 1728 2375 in
1754 2332 1948 2375 summis

173 2420 466 2465 ramulorum
487 2420 703 2480 apicibus
724 2416 961 2464 interdum
987 2412 1209 2480 genicula
1237 2409 1512 2464 ostendunt3
1542 2408 1638 2454 hoc
1665 2418 1824 2452 tamen
1848 2418 1950 2449 non
