1990 2793
481 156 653 193 SECTIO
682 155 914 191 SECUNDA.
967 154 1159 191 BANGIA.
1508 164 1558 198 83

161 265 275 299 Bangia
296 267 389 297 crispa
418 261 455 287 Fl.
477 260 540 287 dan.
560 261 630 288 Tab.
654 262 727 288 1601.
750 261 790 296 fig.
813 270 836 288 2.

28 335 180 371 Habitat
202 336 246 369 ad
263 347 370 380 rupes
387 335 585 368 maritimas
603 338 685 367 ante
702 334 832 367 ostium
852 333 952 366 sinus
969 332 1142 367 Oxefiord
1158 332 1362 378 Norvegiae,
1391 340 1429 368 et
1455 336 1607 380 qvidem‚

29 409 70 438 ut
86 404 203 448 Lepas
221 403 454 446 Balanoides,
476 403 514 436 in
529 403 606 446 ipsa
622 413 720 446 aqvae
739 399 926 445 superficie
945 400 1001 434 vel
1024 402 1062 434 in
1081 413 1221 434 summo
1251 400 1369 434 fluxus
1393 400 1521 446 limite,
1545 404 1607 437 ubi

27 472 177 517 rupibus
194 470 387 506 declivibus
404 470 591 504 adhaerens
608 481 630 501 a
647 468 815 502 fluctibus
840 469 988 502 marinis
1002 480 1146 513 semper
1161 473 1322 503 vexatur.

74 553 198 586 DESC.
241 552 345 585 Radix
360 551 591 584 minutissima,
625 551 763 595 rupibus
781 551 982 582 tenacissime
1000 550 1125 582 adnata.
1174 551 1328 595 Caespites
1346 562 1407 594 per
1423 562 1521 594 rupes
1547 551 1607 583 de·-

160 605 257 638 ches
275 604 430 649 penduli,
457 616 573 647 easqve
592 614 707 643 magna
726 604 911 634 extensione
927 604 1108 644 cingentes,
1133 604 1270 634 maxime
1290 603 1400 646 crispi.
1450 603 1522 634 Fila
1546 616 1610 635 cze-

159 658 281 702 spitose
292 665 479 698 aggregata,
503 655 614 700 capilli
631 655 764 686 humani
777 656 939 694 crassitie,
961 655 1113 702 pollio-ari
1138 655 1187 688 vel
1212 654 1399 699 bipollicari
1424 654 1608 696 longitudi-

158 723 218 749 ne,
245 710 287 742 ob
308 710 472 741 undarum
486 708 723 740 vehementiam
741 708 866 752 crispa3
891 709 951 739 sub
968 708 1054 739 lente
1079 709 1146 739 visa
1165 707 1420 752 simplicissima,
1444 708 1609 745 continua,

159 771 324 801 tortuosa,
357 762 411 794 hic
437 761 504 793 illie
528 762 673 802 margine
697 760 867 805 paululum
891 769 1074 799 contracta,
1110 761 1143 791 in
1164 761 1258 804 apice
1280 761 1419 804 caespitis
1444 760 1610 792 interdum

158 824 265 853 recta,
292 815 498 859 crispationis
516 814 678 859 expertia,
707 814 854 857 apicibus
872 826 960 845 nunc
974 812 1186 850 subclavatis,
1210 812 1497 850 viridescentibus,
1522 825 1610 845 nunc

159 867 352 912 simpliciter
367 868 500 905 obtusis,
518 866 671 911 hyalinis,
696 867 781 897 intus
798 863 1481 908 transversalitertri-velqvadripu11etata;
1499 877 1608 909 punc-

160 921 198 952 tis
216 919 266 952 vel
286 918 429 960 granulis
445 919 686 957 minutissimis,
708 918 859 951 rotundis
877 917 927 950 vel
945 917 1191 962 subqvadratis,
1217 917 1314 955 binis,
1342 918 1441 948 ternis
1457 917 1509 949 vel
1527 929 1609 961 qva-

159 974 259 1004 ternis
275 974 308 1003 in
332 973 442 1016 qvavis
466 973 548 1004 serie
581 971 840 1003 transversaliter
864 971 1048 1014 dispositis,
1074 969 1241 1001 interdum
1263 969 1413 1013 pluribus
1437 971 1608 1010 congestis,

159 1033 192 1056 et
210 1026 243 1056 in
261 1024 323 1056 filis
343 1025 546 1056 tenuioribus
564 1027 654 1066 (nam
674 1024 818 1055 crassitie
835 1023 1004 1059 differunt)
1023 1036 1087 1054 una
1102 1026 1202 1054 modo
1219 1023 1301 1053 serie
1316 1022 1492 1065 dispositis.
1542 1023 1610 1054 Co-

159 1076 212 1109 lor
228 1077 351 1121 pallide
369 1078 501 1109 rubens.
551 1076 737 1109 Substantia
760 1076 1025 1114 membranacea,
1050 1075 1157 1114 lenta,
1182 1075 1395 1107 tenacissima.
1443 1075 1610 1106 Perennis.

162 1130 304 1162 Aestate.
352 1130 481 1162 Chartae
498 1128 654 1161 adhaeret.
703 1128 854 1160 Siccitate
879 1141 947 1161 non
963 1137 1119 1160 mutatur.

97 1236 132 1269 2.
185 1229 231 1265 B.
252 1228 609 1275 fusco-purpurea5
641 1227 709 1262 filis
729 1229 928 1272 continuis,
959 1227 1199 1273 simplicibus,
1227 1227 1353 1270 rectis,
1384 1225 1611 1271 inaeqvaliter

27 1297 214 1342 torulosis,
249 1296 497 1343 granuliferis3
526 1295 685 1343 granulis
709 1296 913 1341 sphaericis,
941 1297 979 1330 in
1004 1297 1124 1342 qvavis
1148 1295 1240 1329 serie
1266 1293 1497 1329 transversali
1520 1293 1611 1337 sub-¹

28 1367 141 1412 qvinis
159 1366 347 1410 dispositis.

163 1430 313 1466 Conferva
323 1431 559 1467 suscopurpurea
580 1430 672 1458 Dillw.
693 1430 763 1457 Tab.
781 1438 823 1465 92.

79 1522 121 1571 β)
146 1530 443 1570 atropurpurea,
476 1524 543 1559 filis
563 1524 846 1570 atropurpureis.

162 1589 309 1650 Confsser-zlra
329 1599 536 1651 ιιινοριιηέιινσα
554 1590 645 1617 Dillw.
666 1589 736 1616 Tab.
759 1594 817 1620 ¹⁰3-
839 1601 873 1609 --
891 1587 974 1614 Roth.
998 1587 1058 1614 Cat.
1079 1587 1136 1614 bot.
1156 1592 1181 1620 3,
1198 1596 1227 1623 p.
1244 1592 1301 1619 208.
1321 1585 1392 1613 Tab.
1413 1583 1450 1611 6?
1466 1600 1493 1608 —
1515 1584 1611 1613 Wahl.

248 1645 254 1651 .
286 1634 346 1661 app.
368 1635 394 1651 n.
414 1632 448 1659 98
468 1643 475 1649 .

214 1690 248 1696 --·
330 1676 475 1702 trichodes
502 1676 617 1703 Ductuz.
638 1675 714 1702 Essai
737 1685 762 1711 p.
784 1681 827 1710 39.

166 1727 352 1754 Osctllacoria
373 1735 582 1762 acropurpurea
600 1729 646 1762 Ag.
669 1727 734 1762 Syn.
756 1738 781 1763 p.
809 1735 864 1762 ¹⁰9·

30 1799 181 1834 Habitat
210 1799 255 1833 ad
275 1797 397 1832 littora
423 1799 628 1834 Faeroensia
651 1801 689 1833 in
716 1811 855 1833 summo
882 1798 1040 1836 refluxus
1073 1798 1187 1832 limite
1216 1808 1312 1842 saepe
1338 1796 1528 1830 denudato.
1564 1812 1613 1820 —·

31 1866 69 1912 β.
96 1867 204 1912 paulo
219 1866 315 1901 infra
329 1867 554 1911 superficiem
567 1868 676 1900 maris
689 1867 821 1910 rarius,
848 1871 889 1899 ut
915 1867 960 1900 ad
982 1865 1132 1910 Eldevig
1151 1860 1312 1900 Ostereie.

79 1949 204 1981 DESC.
250 1947 353 1981 Radix
368 1949 592 1985 minutissima,
609 1947 851 1991 punctiformis,
880 1948 962 1978 saxis
982 1946 1162 1979 declivibus
1181 1946 1307 1977 adnata.
1358 1943 1511 1988 Caespites
1530 1954 1614 1987 pen-

165 2000 245 2032 duli.
292 2001 364 2032 Fila
383 2009 550 2041 aggregata
562 2024 570 2038 ,
597 2000 679 2031 duos
696 1999 747 2031 vel
764 2008 828 2030 tres
845 1998 981 2043 pollices
1000 1999 1114 2040 longa,
1142 1998 1298 2043 capillum
1326 1998 1505 2028 humanum
1523 2008 1613 2026 cras-

166 2054 238 2085 sitie
262 2054 437 2097 aeqvmffia,
465 2052 675 2089 1001111501113,
703 2052 859 2089 flaccida,
885 2051 1034 2091 elastica3
1066 2053 1125 2083 sub
1149 2051 1235 2083 lente
1256 2049 1445 2094 inaeqvalia,
1473 2047 1554 2079 adeo
1577 2056 1613 2078 ut

166 2106 313 2137 tenuiora
332 2106 544 2136 crassioribus
562 2106 627 2137 sint
644 2106 807 2140 immixta,
834 2105 887 2136 hic
907 2104 974 2136 illic
992 2112 1177 2141 contracta,
1204 2103 1350 2147 apicibus
1370 2102 1502 2139 obtusa,
1526 2101 1612 2131 intus

167 2157 358 2198 granulosa3
385 2157 519 2198 granula
535 2158 687 2198 globosa,
714 2158 747 2188 in
767 2158 878 2200 qvavis
902 2157 984 2188 serie
1007 2156 1215 2188 transversali
1243 2164 1417 2199 qvaterna,
1442 2154 1539 2197 qvina
1562 2151 1615 2183 vel

166 2209 261 2253 plura
277 2209 465 2241 densissime
490 2209 658 2253 disposita.
708 2209 810 2242 Color
838 2209 964 2249 fuscus,
990 2210 1093 2241 rubro
1117 2208 1226 2253 aliqvo
1255 2209 1385 2240 tinctus.
1429 2204 1614 2239 Substantia

170 2262 433 2301 membranacea,
461 2271 565 2294 tenax.

171 2384 241 2415 orbi
263 2387 374 2415 eximie
393 2389 535 2427 cognitus
551 2394 616 2422 est,
643 2389 693 2427 qvi
714 2388 807 2417 etiam
831 2385 907 2415 mihi
925 2407 932 2420 ,
965 2386 1005 2415 nd
1031 2386 1230 2427 Algologiam
1257 2388 1397 2415 animum
1429 2383 1614 2424 appellenti,

170 2437 343 2468 benevolus
364 2439 423 2468 fuit
440 2441 566 2479 adjutor
582 2448 612 2471 et
627 2448 829 2481 praeceptor,
852 2439 912 2470 hoc
929 2449 1028 2480 genus
1046 2441 1079 2469 in
1097 2441 1177 2480 grati
1201 2441 1298 2469 animi
1315 2439 1541 2469 documentum
1564 2436 1616 2465 de·

173 2490 313 2521 dicatum
332 2491 427 2522 voluI.

1121 2546 1223 2587 (Μ’)
