1990 2793
473 129 644 166 SECTIO
670 128 835 165 PRIMA.
897 129 1157 168 APPENDIX.
1510 143 1530 178 5
1535 144 1558 179 5

161 233 329 266 contendit
344 233 499 277 Esperus.
548 235 707 266 Praeterca
723 235 757 265 in
773 246 855 278 aqva
875 234 968 266 facile
987 237 1162 274 reviviscit,
1177 248 1236 268 nec
1253 236 1318 268 ulla
1332 236 1525 271 lubricitatis
1542 241 1603 273 ad-

159 301 234 324 sunt
250 293 401 333 vestigia3
427 294 533 337 apices
551 305 636 337 saepe
662 292 852 333 geniculati3
878 293 995 325 ramuli
1021 294 1142 328 dissiti.
1167 294 1366 335 dichotomi,
1394 297 1518 337 angulis
1543 300 1604 331 ob-

160 352 256 390 tusis,
282 352 428 395 apicibus
448 353 629 383 attenuatis.
680 351 781 384 Color
799 351 909 391 albus,
936 352 1024 384 luteo
1043 354 1172 386 tinctus.
1222 355 1324 395 Hujus
1349 354 1427 396 algae
1451 358 1606 400 specimi-

158 422 200 441 na
217 410 257 442 ad
275 409 449 442 Islandiam
466 420 497 442 et
511 411 707 451 Norvegiam
726 410 809 442 lecta
834 411 876 442 ad
895 411 1066 454 Esperam
1087 413 1174 444 misit
1199 413 1428 445 Clzemnitzius
1440 438 1449 451 ‚
1475 416 1607 448 antistes

159 469 344 501 Hasnieusis
368 469 609 501 celeberrimus.
634 486 674 492 —
696 470 822 501 Forsan
835 471 952 512 *Fucus
975 471 1187 503 lumbriealis
1210 484 1240 504 v.
1268 472 1519 515 cotffervoicles,
1552 475 1607 519 qvi

160 528 355 572 qvandoqve
375 528 517 559 albescit.

25 615 55 647 4.
104 612 216 643 Fusus
239 612 400 647 Bastera,
434 611 524 643 caule
541 613 641 650 tenui,
665 625 806 656 superne
828 625 969 648 ramoso,
995 613 1196 658 corpusculis
1214 616 1464 659 monospermis,
1490 618 1604 656 ovans,

73 669 215 702 alternis.
243 671 348 703 Gmel.
368 671 450 703 Hist.
468 672 546 702 Fue.
563 684 596 715 p.
616 675 685 706 166.
716 689 755 694 ———
777 671 874 703 Linn.
892 671 977 716 Syst.
992 681 1057 703 nat.
1074 672 1149 704 edit.
1170 674 1258 705 XIII.
1293 673 1399 705 Gmel.
1416 680 1444 709 2.
1462 687 1496 719 p.
1515 681 1606 721 1386.

157 729 290 761 Habitat
306 731 338 761 in
353 731 435 761 mari
453 731 629 771 norvegico
648 742 755 774 prope
771 730 976 771 Nidrosiam3
1002 732 1124 763 Basteri
1142 744 1255 775 opusc.
1283 732 1409 764 subsec.
1425 739 1455 771 2,
1480 746 1514 778 p.
1536 740 1605 769 127.

208 790 289 820 Tab.
308 795 357 824 Γ).
377 789 429 830 fig.
448 796 476 823 1.

108 848 198 879 OBS.
248 849 296 878 Dc
311 848 370 879 hac
386 849 492 891 specie
511 848 590 879 dicit
607 847 773 879 Basterns
798 848 820 880 l.
837 861 884 880 c.:
911 848 1045 880 ’'Planta
1070 848 1255 880 seminisera
1283 848 1324 880 ad
1350 848 1465 889 viginti
1487 862 1606 894 orgya-

154 910 249 937 ”rum
264 906 523 950 profunditatem
539 919 645 951 prope
662 907 851 939 Nidrosiam
867 909 933 939 sive
948 908 1192 939 Dronthemum
1208 920 1224 938 e
1242 908 1323 938 mari
1339 909 1525 947 germanico
1545 922 1606 953 pe-

155 966 264 996 ''ti1a.''
321 966 350 997 A
373 965 440 997 Cel.
465 966 632 1010 Episcopo
659 966 716 997 Er.
739 966 995 1010 Pontoppidano
1022 978 1096 997 cum
1119 968 1251 998 Bastero
1278 966 1338 997 fuit
1361 968 1607 1007 communicata,

156 1023 213 1055 sed
228 1025 337 1067 potius
353 1024 393 1055 ad
408 1024 581 1068 Zoophyta
599 1036 696 1068 qvam
712 1024 932 1068 Hydrophyta
948 1025 1114 1069 pertinere
1130 1025 1212 1055 mihi
1229 1025 1369 1056 videtur.

30 1119 42 1126 u

25 1128 54 1148 ε).
98 1113 140 1145 F.
157 1114 419 1157 cartilaginem,
446 1114 557 1145 Gunn.
584 1113 635 1145 Fl.
653 1126 748 1146 norv.
767 1120 797 1152 2,
818 1127 851 1158 p.
868 1120 938 1149 108.
968 1115 1050 1145 Tab.
1068 1120 1098 1149 3.
1125 1114 1177 1154 fig.
1204 1119 1234 1148 5.
1266 1130 1306 1138 —
1331 1114 1441 1146 Stro'm
1467 1114 1604 1148 Siindm.

71 1173 150 1204 Fue.
166 1186 199 1204 n.
215 1178 245 1207 8.
271 1181 302 1204 et
320 1174 426 1204 Fucus
444 1185 476 1204 n.
493 1179 524 1208 3.
550 1174 583 1203 in
597 1174 670 1204 Act.
692 1173 790 1204 Hasu.
812 1172 888 1204 vol.
907 1179 955 1207 10.
982 1185 1015 1216 p.
1032 1176 1103 1207 254.
1129 1173 1212 1203 Tab.
1227 1171 1263 1214 f.
1287 1173 1356 1212 Fig.
1375 1178 1405 1207 3.
1430 1189 1470 1195 —-
1496 1174 1607 1215 K6n1'g

70 1239 101 1262 et
117 1232 222 1273 Zoega
239 1232 272 1262 111
290 1231 389 1263 Flora
410 1230 525 1262 island.
541 1231 582 1262 ad
601 1231 699 1262 finem
716 1232 787 1262 itin.
806 1230 917 1263 Olavs.
938 1240 969 1262 et
986 1230 1114 1262 Povels.
1134 1248 1176 1253 —
1192 1230 1310 1261 Landt.
1328 1231 1362 1261 iu
1379 1232 1492 1262 Dcser.
1509 1232 1605 1263 insul.

70 1289 234 1322 Faeroens.
260 1308 302 1314 -
323 1291 439 1322 Fue-us
462 1289 652 1322 vindicatus
675 1290 919 1333 cartilaginelzs
946 1289 996 1327 Fl,
1022 1301 1116 1322 norv.
1142 1296 1171 1325 Q,
1194 1301 1228 1333 p.
1247 1295 1316 1323 123.
1349 1305 1390 1311 —
1411 1289 1607 1322 Ceramium

28 1382 31 1383 .
68 1350 330 1392 cartilagineum
357 1349 490 1382 Schum.
509 1361 616 1380 enum.
633 1356 663 1385 2,
680 1362 713 1393 p.
733 1355 802 1384 112.
828 1367 869 1373 -—
892 1346 1000 1381 &vestu
1022 1348 1080 1388 gel.
1099 1348 1174 1388 2tn5.
1194 1353 1286 1385 1815.
1306 1349 1370 1381 920.
1389 1351 1437 1387 64.
1458 1355 1487 1388 φ.
1509 1351 1582 1388 633.

154 1408 286 1440 Habitat
308 1409 341 1439 in
358 1409 439 1439 mari
462 1408 709 1452 septentrionali
736 1420 784 1439 ex.
808 1419 856 1448 gr.
879 1406 920 1438 ad
944 1406 1163 1438 Finmarkiam
1189 1407 1326 1450 passim,
1352 1406 1543 1438 Gtctztzerus.
1564 1425 1605 1431 —

218 1468 256 1498 In
273 1468 354 1498 mari
373 1466 526 1499 Norv.ad
543 1466 738 1506 sejudmber,
765 1467 888 1498 Strb'm.
914 1484 954 1489 —
978 1467 1016 1497 Iu
1033 1466 1114 1496 mari
1135 1464 1308 1503 Isla11dico‚
1332 1465 1458 1507 Kb'mg,
1475 1465 1604 1508 Zoega,

219 1527 338 1563 DIolw,
357 1525 502 1557 Hooker.
528 1543 568 1550 —
591 1526 644 1557 Ad
661 1524 780 1557 insulas
798 1526 1003 1563 Faeroenses,
1030 1523 1154 1556 Landt.
1178 1541 1218 1547 —
1242 1523 1295 1555 Ad
1321 1521 1446 1567 lapides
1470 1524 1503 1554 in
1522 1526 1603 1555 mari

219 1586 304 1616 inter
320 1586 506 1625 Amagriam
530 1594 561 1616 et
578 1584 795 1621 Sellandiam,
821 1584 1059 1617 Schumacher.

109 1643 198 1676 OBS.
247 1645 354 1675 Fucus
373 1643 444 1682 ille,
472 1644 512 1675 de
529 1646 618 1684 cujus
638 1644 678 1675 ad
699 1644 896 1684 Norvegiam
913 1651 943 1674 et
959 1642 1098 1674 Daniam
1125 1641 1327 1672 habitatione
1354 1641 1470 1671 merito
1497 1640 1605 1671 ambi-

157 1703 260 1742 gitur,
284 1702 325 1732 ad
340 1702 607 1734 Promontorium
631 1703 724 1734 bonae
748 1703 835 1747 spei,
862 1711 897 1734 ut
921 1702 996 1748 satis
1020 1709 1135 1731 notum
1158 1709 1222 1735 est,
1248 1699 1319 1730 laetc
1349 1699 1465 1729 crescit
1491 1708 1521 1730 et
1545 1711 1603 1730 co-

157 1761 249 1804 piose
265 1759 392 1800 legitur.
442 1760 509 1792 Cel.
531 1761 724 1799 Tim-aeras,
751 1763 942 1794 auctoritate
958 1761 1037 1792 Rev.
1055 1759 1209 1790 szneri
1235 1766 1266 1789 et
1284 1759 1377 1789 icone
1405 1757 1500 1797 hujus
1526 1757 1603 1798 algae

155 1819 189 1849 111
208 1818 308 1850 Flora
324 1819 497 1859 norvegica
515 1819 657 1850 exhibita
674 1829 859 1863 permotus,
886 1819 1031 1863 plantam
1048 1818 1199 1849 Gunneri
1217 1816 1257 1846 ad
1274 1827 1369 1847 suum
1394 1815 1477 1846 Fue.
1494 1817 1601 1847 carli-

156 1878 330 1920 lagiszeum
346 1877 472 1915 retulit,
498 1890 603 1921 neqve
621 1879 801 1917 immeritog
828 1878 940 1918 negari
957 1877 1043 1907 enim
1059 1889 1126 1908 non
1150 1884 1273 1919 potest,
1306 1875 1434 1905 iconem
1456 1873 1547 1904 illam
1568 1874 1601 1904 in

156 1935 277 1976 algam,
305 1935 345 1967 de
369 1948 431 1979 qva
454 1935 637 1979 loqvimur,
657 1937 739 1967 bene
765 1936 944 1979 qvadrare3
971 1943 1018 1966 est
1038 1943 1166 1969 autem,
1193 1932 1283 1976 qvod
1308 1933 1482 1969 miremur,
1510 1932 1603 1962 istam

156 1994 318 2039 plantam,
344 1994 573 2038 Hemisphaerii
590 1994 736 2026 australis
754 1995 912 2029 incolam,
946 1995 980 2025 in
1003 1993 1085 2024 mari
1112 1991 1332 2024 Finmarkiam
1354 1989 1493 2021 alluente
1519 2002 1601 2034 pro-

154 2054 277 2085 venire.
325 2053 515 2096 Suspicatur
530 2054 681 2097 Espems
697 2054 800 2095 (Icon.
820 2054 884 2084 suc.
903 2060 931 2091 1,
950 2065 983 2096 p.
1004 2052 1058 2090 15)
1089 2062 1159 2081 eam
1175 2062 1190 2081 c
1210 2050 1323 2094 Capite
1348 2049 1380 2079 b.
1399 2061 1447 2092 sp.
1467 2049 1602 2080 navibus

157 2112 241 2144 forte
258 2125 296 2144 eo
313 2111 497 2150 advectam,
523 2114 638 2144 seriori
656 2121 802 2156 tempore
819 2113 864 2143 ibi
890 2124 956 2143 esse
977 2118 1209 2155 propagamur:
1237 2120 1307 2152 qvae
1340 2116 1447 2138 tamen
1471 2109 1603 2147 conjec-

158 2180 229 2202 tura
243 2183 312 2203 non
327 2171 435 2203 omnia
451 2171 549 2202 dubia
568 2171 664 2203 tollit.
713 2170 780 2202 Cel.
805 2170 1008 2213 Agardlzius
1034 2169 1126 2212 (Syn.
1142 2181 1175 2212 p.
1191 2168 1257 2207 30.)
1289 2166 1410 2201 credit,
1444 2177 1513 2196 eam
1533 2177 1600 2196 non

156 2241 271 2261 verum
286 2242 352 2260 esse
367 2230 447 2262 Fue.
465 2230 725 2270 cartilagineum,
753 2229 809 2261 scd
828 2229 938 2273 potius
963 2229 1003 2259 ad
1027 2228 1106 2258 Fue.
1133 2224 1403 2269 coronipifolium
1424 2224 1599 2267 pertinere.

156 2288 201 2319 Ut
218 2297 324 2318 autem
341 2289 436 2319 etiam
451 2301 509 2329 ego
527 2301 631 2320 meam
646 2288 904 2332 qvalcmcunqve
928 2286 1061 2317 afferam
1085 2286 1290 2329 opinionem,
1314 2281 1412 2313 credo
1438 2281 1599 2325 (qvid-em,

156 2346 301 2390 plantam
316 2358 331 2376 e
349 2347 534 2386 region-ibus
551 2347 795 2379 australioribus
815 2346 855 2377 ad
872 2357 944 2377 oras
960 2345 1129 2385 Norvegice
1146 2339 1416 2388 septentrionales
1433 2352 1493 2384 per
1512 2341 1599 2371 Oce-

156 2416 254 2436 anum
270 2405 299 2436 vi
318 2404 475 2436 fluctuum
491 2406 576 2438 forte
594 2406 724 2438 fortuna
740 2406 838 2437 fuisse
859 2404 1017 2440 (lelatam3
1040 2402 1152 2447 planta
1169 2401 1255 2432 enim
1268 2424 1275 2435 ,
1304 2411 1401 2444 qvam
1417 2399 1491 2430 icon
1506 2399 1599 2429 citata

157 2464 254 2502 sistit,
281 2464 315 2494 in
330 2464 420 2508 apice
437 2465 511 2496 trita
529 2474 560 2496 et
574 2463 817 2509 qvodammodo
833 2463 972 2496 lacerata
989 2462 1116 2496 videtur
1127 2486 1135 2502 ,
1163 2459 1253 2505 qvod
1267 2472 1305 2491 ex
1330 2458 1426 2499 longa
1451 2459 1518 2497 ejus
1539 2468 1599 2500 pel*

1056 2534 1095 2566 μό
