1990 2793
805 117 1079 154 PRAEFATIO.
1739 132 1786 157 Χῖ

51 226 120 268 Ex
146 221 245 269 hoc
268 225 437 268 itinere
459 221 685 268 Hafniam
706 238 897 267 reverso
926 223 1146 284 contigit,
1183 230 1236 266 ut
1254 222 1356 266 Rex
1379 231 1544 267 noster
1567 221 1834 269 clementis-

50 300 168 344 sime
190 300 503 360 permitteret,
536 309 589 342 ut
615 309 856 343 tentamen
876 295 995 340 illud
1020 294 1366 359 algologicum,
1405 294 1534 356 qvod
1557 309 1696 342 antea
1717 313 1832 342 con-

40 374 376 428 ,cinnaveram,
410 388 617 417 unacum
636 370 1041 417 delineationibus
1062 371 1214 433 Regio
1235 380 1393 414 sumtu
1412 369 1597 432 publici
1618 372 1730 430 juris
1751 370 1833 416 fie-

50 458 142 502 ret3
183 463 322 509 qvam
347 447 488 491 etiam
514 461 748 490 summam
780 444 840 490 ob
867 445 1068 508 gratiam
1098 442 1217 487 illud
1247 442 1533 505 opusculum
1560 446 1698 490 novis
1728 461 1833 506 spe-

51 523 216 566 ciebus
248 521 416 565 seriori
446 531 661 582 tempore
692 520 896 564 inventis
927 516 1246 579 locupletavi,
1301 529 1348 562 et
1381 516 1442 561 ad
1470 533 1620 579 opera
1649 516 1831 581 algolo-

49 598 155 658 gica
187 594 594 656 praestantissima,
653 609 752 655 qvae
785 591 953 638 sedula
990 594 1172 636 interea
1204 593 1390 637 versavi
1416 607 1583 648 manu,
1634 590 1834 655 diligen-

51 681 121 714 ter
151 669 336 713 correxi
373 678 419 713 et
448 666 720 723 emendavi,
770 678 824 711 ut
852 665 1182 710 munificentia
1210 667 1384 728 Regia,
1430 677 1658 726 qvantum
1685 681 1834 726 penes

48 758 124 787 me
152 741 264 798 fuit,
306 740 438 785 haud
465 740 717 804 indignum
746 742 796 784 in
823 739 981 784 lucem
1006 737 1248 800 proderet.
1314 740 1571 796 Praeterea,
1615 738 1744 800 qvod
1776 737 1837 782 ad

52 815 180 879 algas
209 815 589 860 Groenlandicas
621 816 808 870 attinet,
856 813 1230 858 clarissimorum
1256 814 1484 858 Virorum
1518 815 1574 858 O.
1605 813 1836 862 Fabricii,

58 889 432 936 Wormskioldii
461 901 506 934 et
528 888 743 934 Giesekii
771 887 992 933 consului
1015 887 1260 942 herbaria,
1301 903 1359 932 ex
1387 887 1558 948 qvibus
1579 884 1836 931 nonnullas

49 962 188 1008 hausi
209 966 425 1019 notitias,
464 974 510 1007 et
526 979 673 1006 unam
691 960 944 1006 alteramve
969 963 1183 1022 speciem
1211 976 1390 1005 novam
1415 962 1655 1005 extricavi.
1724 961 1839 1003 Haec

53 1049 123 1082 est
140 1037 279 1097 hujus
307 1035 527 1098 opusculi
548 1036 770 1091 historia,
807 1051 966 1096 qvam,
1009 1033 1164 1079 levem
1189 1033 1379 1095 qvidem
1404 1050 1492 1096 per
1515 1050 1587 1090 se,
1632 1032 1762 1077 hunc
1789 1034 1840 1075 in

51 1111 195 1156 finem
220 1110 299 1155 hic
324 1112 476 1173 tetigi,
527 1120 580 1153 ut
605 1111 759 1153 sciant
785 1110 1011 1153 Lectores
1043 1105 1288 1162 benevoli,
1333 1124 1426 1168 qvo
1455 1106 1636 1151 factum
1662 1108 1743 1161 sit,
1788 1117 1842 1150 ut

52 1186 181 1246 algas
203 1186 495 1234 Fceroenses,
543 1182 934 1227 Groenlandicas
963 1191 1009 1225 et
1035 1178 1294 1224 nonnullas
1324 1182 1634 1243 Norfvegicas
1672 1178 1841 1223 attule-

50 1260 160 1311 rim3
194 1256 323 1301 unde
353 1255 491 1300 simul
510 1267 663 1317 patet,
705 1254 833 1317 qvod
853 1257 931 1298 vix
962 1256 1228 1316 qvisqvam‚
1269 1255 1347 1315 qvi
1376 1256 1427 1297 in
1450 1255 1544 1299 hac
1565 1265 1726 1314 sparta
1751 1256 1839 1298 rite

54 1331 272 1378 ornanda
303 1329 595 1392 aliqvantum
618 1341 830 1374 versatus
861 1340 949 1383 est,
992 1326 1134 1371 facile
1160 1326 1335 1371 infitias
1364 1328 1472 1384 ibit,
1509 1326 1641 1371 haud
1670 1343 1843 1389 parum

51 1407 281 1469 temporis
312 1405 372 1448 ad
395 1403 497 1449 haec
525 1405 783 1448 conamina
809 1400 1113 1447 conficienda
1143 1403 1268 1464 exigi
1294 1412 1432 1462 atqve
1457 1400 1720 1462 postulari3
1758 1417 1842 1446 ne-

56 1498 143 1543 qve
165 1481 291 1525 enim
310 1494 407 1522 una
428 1477 634 1522 alterave
659 1477 782 1522 hora
803 1476 997 1520 diversae
1022 1474 1094 1519 hae
1117 1473 1313 1536 plantae,
1354 1476 1550 1519 diversis
1577 1473 1842 1535 iisdemqve

55 1554 230 1600 dissitis
257 1564 394 1614 atqve
417 1552 747 1597 remotissimis
778 1552 827 1593 in
852 1549 972 1595 locis
1002 1548 1282 1610 qvaerendae,
1321 1548 1630 1612 indagantur,
1662 1549 1843 1593 exami-

53 1639 248 1683 nantur,
299 1625 620 1682 delineantur,
667 1624 1024 1680 describuntur,
1068 1624 1118 1666 in
1148 1621 1368 1668 ordinem
1394 1622 1697 1686 rediguntur3
1743 1639 1842 1683 qvae

58 1701 242 1749 omnia,
280 1699 392 1744 licet
418 1716 527 1744 cum
549 1699 769 1761 periculo
801 1701 907 1744 vitae
933 1697 1121 1741 homini
1155 1699 1269 1741 satis
1301 1708 1442 1742 cauto
1471 1713 1573 1741 non
1602 1698 1697 1740 sint
1729 1712 1843 1740 con-

55 1776 219 1834 juncta
257 1771 404 1833 (qvod
431 1772 528 1817 Cel.
560 1774 616 1817 O.
646 1776 693 1817 F.
714 1774 950 1817 Milllerus
977 1773 1028 1815 in
1053 1770 1336 1834 praefatione
1367 1769 1518 1815 Florae
1546 1768 1845 1814 Frederichs—

59 1846 229 1892 dalinae
260 1847 503 1908 praemissa
528 1845 782 1907 perhibere
803 1846 1036 1901 videtur),
1072 1844 1370 1905 freqventem
1398 1856 1559 1888 tamen
1589 1845 1846 1904 investiga-

57 1924 241 1966 tionem
281 1920 332 1963 in
369 1931 503 1964 vasto
542 1931 722 1980 naturae
753 1917 934 1979 templo
968 1929 1069 1961 tam
1105 1917 1166 1961 ad
1187 1917 1350 1962 littora
1379 1919 1582 1962 marium
1620 1932 1759 1978 qvam
1786 1916 1847 1961 ad

60 1996 353 2041 summitates
385 1995 578 2054 rupium
603 1994 891 2048 institutam,
931 1990 1137 2050 pedibus
1175 2008 1299 2053 saepe
1327 1990 1631 2053 fatigantem,
1674 2002 1720 2035 et
1738 2007 1846 2035 exa-

58 2068 579 2114 nunaffloneniiufflnnn
614 2067 874 2124 stennnqve
908 2065 995 2110 sub
1032 2064 1158 2110 kuste
1197 2064 1637 2127 donn.repeffltanb
1694 2063 1845 2109 ocuhs

61 2140 199 2203 haud*
228 2157 335 2185 raro
367 2140 639 2194 molestam,
692 2140 949 2200 saepissime
985 2141 1243 2200 reqvirunt.
1322 2141 1484 2199 Qvare
1517 2136 1649 2182 haud
1676 2154 1847 2199 parum

62 2216 290 2275 temporis
325 2213 384 2257 ad
415 2211 692 2273 hujusmodi
719 2211 969 2256 molimina
999 2215 1218 2274 exigitur,
1265 2214 1404 2274 qvid?
1455 2211 1583 2273 qvod
1615 2211 1773 2256 oleum
1802 2222 1848 2255 et

66 2303 214 2350 opera
245 2286 482 2332 interdum
503 2287 721 2349 perditur
750 2302 836 2347 per
861 2284 1124 2331 frustaneas
1156 2287 1514 2349 indagationes,
1556 2284 1669 2329 dum
1697 2286 1747 2328 in
1775 2300 1847 2328 re-

63 2364 153 2408 bus
186 2373 283 2405 tam
322 2361 565 2416 tenuibus,
621 2377 719 2422 qvae
749 2376 851 2404 non
886 2361 978 2403 nisi
1014 2376 1107 2419 ope
1136 2362 1490 2422 microscopica
1522 2361 1610 2404 rite
1643 2359 1847 2402 discerni

64 2446 290 2499 possunt,
328 2434 467 2480 nubis
490 2450 579 2497 pro
601 2435 790 2481 Junone
820 2444 1039 2496 captatur
1062 2433 1194 2478 haud
1223 2450 1344 2479 raro.
1423 2435 1634 2494 Qvaestio
1665 2447 1847 2492 propo-

1365 2517 1448 2558 (1³²)
